%YAML 1.1
%TAG !u! tag:unity3d.com,2011:
--- !u!1 &136916
GameObject:
  m_ObjectHideFlags: 0
  m_PrefabParentObject: {fileID: 0}
  m_PrefabInternal: {fileID: 100100000}
  serializedVersion: 4
  m_Component:
  - 4: {fileID: 434724}
  - 212: {fileID: 21287688}
  m_Layer: 0
  m_Name: vanillasprite
  m_TagString: Untagged
  m_Icon: {fileID: 0}
  m_NavMeshLayer: 0
  m_StaticEditorFlags: 0
  m_IsActive: 1
--- !u!1 &167988
GameObject:
  m_ObjectHideFlags: 0
  m_PrefabParentObject: {fileID: 0}
  m_PrefabInternal: {fileID: 100100000}
  serializedVersion: 4
  m_Component:
  - 4: {fileID: 402968}
  - 114: {fileID: 11499232}
  - 50: {fileID: 5075326}
  - 61: {fileID: 6122674}
  - 114: {fileID: 11407922}
  m_Layer: 0
  m_Name: Vanilla
  m_TagString: Untagged
  m_Icon: {fileID: 0}
  m_NavMeshLayer: 0
  m_StaticEditorFlags: 0
  m_IsActive: 1
--- !u!4 &402968
Transform:
  m_ObjectHideFlags: 1
  m_PrefabParentObject: {fileID: 0}
  m_PrefabInternal: {fileID: 100100000}
  m_GameObject: {fileID: 167988}
  m_LocalRotation: {x: 0, y: 0, z: 0, w: 1}
  m_LocalPosition: {x: -16.023987, y: -3.5184286, z: 0}
  m_LocalScale: {x: 1, y: 1, z: 13.057856}
  m_Children:
  - {fileID: 434724}
  m_Father: {fileID: 0}
  m_RootOrder: 0
--- !u!4 &434724
Transform:
  m_ObjectHideFlags: 1
  m_PrefabParentObject: {fileID: 0}
  m_PrefabInternal: {fileID: 100100000}
  m_GameObject: {fileID: 136916}
  m_LocalRotation: {x: 0, y: 0, z: 0, w: 1}
  m_LocalPosition: {x: 0, y: 0, z: 0}
  m_LocalScale: {x: 1, y: 1, z: 0.07658225}
  m_Children: []
  m_Father: {fileID: 402968}
  m_RootOrder: 0
--- !u!50 &5075326
Rigidbody2D:
  serializedVersion: 2
  m_ObjectHideFlags: 1
  m_PrefabParentObject: {fileID: 0}
  m_PrefabInternal: {fileID: 100100000}
  m_GameObject: {fileID: 167988}
  m_UseAutoMass: 0
  m_Mass: 1
  m_LinearDrag: 0
  m_AngularDrag: 0.05
  m_GravityScale: 1
  m_IsKinematic: 0
  m_Interpolate: 0
  m_SleepingMode: 1
  m_CollisionDetection: 0
  m_Constraints: 7
--- !u!61 &6122674
BoxCollider2D:
  m_ObjectHideFlags: 1
  m_PrefabParentObject: {fileID: 0}
  m_PrefabInternal: {fileID: 100100000}
  m_GameObject: {fileID: 167988}
  m_Enabled: 1
  m_Density: 1
  m_Material: {fileID: 0}
  m_IsTrigger: 1
  m_UsedByEffector: 0
  m_Offset: {x: 0, y: 0}
  serializedVersion: 2
  m_Size: {x: 1, y: 1}
--- !u!114 &11407922
MonoBehaviour:
  m_ObjectHideFlags: 1
  m_PrefabParentObject: {fileID: 0}
  m_PrefabInternal: {fileID: 100100000}
  m_GameObject: {fileID: 167988}
  m_Enabled: 1
  m_EditorHideFlags: 0
  m_Script: {fileID: 11500000, guid: 4e19399975d339d4cb0449786db86d9e, type: 3}
  m_Name: 
  m_EditorClassIdentifier: 
  flavor: 12
  playOnPickup: {fileID: 0}
  audio: {fileID: 8300000, guid: 0c9ad36e1c0ff5a4a85229043995b18f, type: 3}
  savory: 0
  fish: 0
  meaty: 0
  bitter: 0
  nutty: 0
  fruity: 0
  sweet: 4
  salty: 0
  sour: 0
  flowery: 0
  clean: 0
  spicy: 0
  creamy: 3
  horrible: 0
  aromatic: 2
--- !u!114 &11499232
MonoBehaviour:
  m_ObjectHideFlags: 1
  m_PrefabParentObject: {fileID: 0}
  m_PrefabInternal: {fileID: 100100000}
  m_GameObject: {fileID: 167988}
  m_Enabled: 1
  m_EditorHideFlags: 0
  m_Script: {fileID: 11500000, guid: 9906a16b5e4605244a113e7802be67e2, type: 3}
  m_Name: 
  m_EditorClassIdentifier: 
  type: 1
--- !u!212 &21287688
SpriteRenderer:
  m_ObjectHideFlags: 1
  m_PrefabParentObject: {fileID: 0}
  m_PrefabInternal: {fileID: 100100000}
  m_GameObject: {fileID: 136916}
  m_Enabled: 1
  m_CastShadows: 0
  m_ReceiveShadows: 0
  m_Materials:
  - {fileID: 10754, guid: 0000000000000000e000000000000000, type: 0}
  m_SubsetIndices: 
  m_StaticBatchRoot: {fileID: 0}
  m_UseLightProbes: 0
  m_ReflectionProbeUsage: 0
  m_ProbeAnchor: {fileID: 0}
  m_ScaleInLightmap: 1
  m_PreserveUVs: 0
  m_IgnoreNormalsForChartDetection: 0
  m_ImportantGI: 0
  m_MinimumChartSize: 4
  m_AutoUVMaxDistance: 0.5
  m_AutoUVMaxAngle: 89
  m_LightmapParameters: {fileID: 0}
  m_SortingLayerID: 0
  m_SortingOrder: 0
  m_Sprite: {fileID: 21300000, guid: 0ed557eec3e56d64d8827e4437332e52, type: 3}
  m_Color: {r: 1, g: 1, b: 1, a: 1}
  m_FlipX: 0
  m_FlipY: 0
--- !u!1001 &100100000
Prefab:
  m_ObjectHideFlags: 1
  serializedVersion: 2
  m_Modification:
    m_TransformParent: {fileID: 0}
    m_Modifications:
    - target: {fileID: 0}
      propertyPath: m_Constraints
      value: 7
      objectReference: {fileID: 0}
    - target: {fileID: 0}
      propertyPath: m_IsTrigger
      value: 1
      objectReference: {fileID: 0}
    - target: {fileID: 0}
      propertyPath: flavor
      value: 12
      objectReference: {fileID: 0}
    - target: {fileID: 0}
      propertyPath: savory
      value: 0
      objectReference: {fileID: 0}
    - target: {fileID: 0}
      propertyPath: sweet
      value: 4
      objectReference: {fileID: 0}
    - target: {fileID: 0}
      propertyPath: creamy
      value: 3
      objectReference: {fileID: 0}
    - target: {fileID: 0}
      propertyPath: aromatic
      value: 2
      objectReference: {fileID: 0}
    - target: {fileID: 0}
      propertyPath: m_LocalPosition.z
      value: 0
      objectReference: {fileID: 0}
    - target: {fileID: 0}
      propertyPath: type
      value: 1
      objectReference: {fileID: 0}
    - target: {fileID: 0}
      propertyPath: audio
      value: 
      objectReference: {fileID: 8300000, guid: 0c9ad36e1c0ff5a4a85229043995b18f, type: 3}
    m_RemovedComponents: []
  m_ParentPrefab: {fileID: 0}
  m_RootGameObject: {fileID: 167988}
  m_IsPrefabParent: 1
