%YAML 1.1
%TAG !u! tag:unity3d.com,2011:
--- !u!29 &1
SceneSettings:
  m_ObjectHideFlags: 0
  m_PVSData: 
  m_PVSObjectsArray: []
  m_PVSPortalsArray: []
  m_OcclusionBakeSettings:
    smallestOccluder: 5
    smallestHole: 0.25
    backfaceThreshold: 100
--- !u!104 &2
RenderSettings:
  m_ObjectHideFlags: 0
  serializedVersion: 6
  m_Fog: 0
  m_FogColor: {r: 0.5, g: 0.5, b: 0.5, a: 1}
  m_FogMode: 3
  m_FogDensity: 0.01
  m_LinearFogStart: 0
  m_LinearFogEnd: 300
  m_AmbientSkyColor: {r: 0.212, g: 0.227, b: 0.259, a: 1}
  m_AmbientEquatorColor: {r: 0.114, g: 0.125, b: 0.133, a: 1}
  m_AmbientGroundColor: {r: 0.047, g: 0.043, b: 0.035, a: 1}
  m_AmbientIntensity: 1
  m_AmbientMode: 0
  m_SkyboxMaterial: {fileID: 10304, guid: 0000000000000000f000000000000000, type: 0}
  m_HaloStrength: 0.5
  m_FlareStrength: 1
  m_FlareFadeSpeed: 3
  m_HaloTexture: {fileID: 0}
  m_SpotCookie: {fileID: 10001, guid: 0000000000000000e000000000000000, type: 0}
  m_DefaultReflectionMode: 0
  m_DefaultReflectionResolution: 128
  m_ReflectionBounces: 1
  m_ReflectionIntensity: 1
  m_CustomReflection: {fileID: 0}
  m_Sun: {fileID: 0}
--- !u!157 &3
LightmapSettings:
  m_ObjectHideFlags: 0
  serializedVersion: 6
  m_GIWorkflowMode: 0
  m_LightmapsMode: 1
  m_GISettings:
    serializedVersion: 2
    m_BounceScale: 1
    m_IndirectOutputScale: 1
    m_AlbedoBoost: 1
    m_TemporalCoherenceThreshold: 1
    m_EnvironmentLightingMode: 0
    m_EnableBakedLightmaps: 1
    m_EnableRealtimeLightmaps: 1
  m_LightmapEditorSettings:
    serializedVersion: 3
    m_Resolution: 2
    m_BakeResolution: 40
    m_TextureWidth: 1024
    m_TextureHeight: 1024
    m_AOMaxDistance: 1
    m_Padding: 2
    m_CompAOExponent: 0
    m_LightmapParameters: {fileID: 0}
    m_TextureCompression: 1
    m_FinalGather: 0
    m_FinalGatherRayCount: 1024
    m_ReflectionCompression: 2
  m_LightingDataAsset: {fileID: 0}
  m_RuntimeCPUUsage: 25
--- !u!196 &4
NavMeshSettings:
  serializedVersion: 2
  m_ObjectHideFlags: 0
  m_BuildSettings:
    serializedVersion: 2
    agentRadius: 0.5
    agentHeight: 2
    agentSlope: 45
    agentClimb: 0.4
    ledgeDropHeight: 0
    maxJumpAcrossDistance: 0
    accuratePlacement: 0
    minRegionArea: 2
    cellSize: 0.16666667
    manualCellSize: 0
  m_NavMeshData: {fileID: 0}
--- !u!1001 &34971899
Prefab:
  m_ObjectHideFlags: 0
  serializedVersion: 2
  m_Modification:
    m_TransformParent: {fileID: 0}
    m_Modifications:
    - target: {fileID: 492394, guid: 2e243f586df8a654286cfdb89b75861d, type: 2}
      propertyPath: m_LocalPosition.x
      value: 15.681169
      objectReference: {fileID: 0}
    - target: {fileID: 492394, guid: 2e243f586df8a654286cfdb89b75861d, type: 2}
      propertyPath: m_LocalPosition.y
      value: -4.964902
      objectReference: {fileID: 0}
    - target: {fileID: 492394, guid: 2e243f586df8a654286cfdb89b75861d, type: 2}
      propertyPath: m_LocalPosition.z
      value: -3.034031
      objectReference: {fileID: 0}
    - target: {fileID: 492394, guid: 2e243f586df8a654286cfdb89b75861d, type: 2}
      propertyPath: m_LocalRotation.x
      value: 0
      objectReference: {fileID: 0}
    - target: {fileID: 492394, guid: 2e243f586df8a654286cfdb89b75861d, type: 2}
      propertyPath: m_LocalRotation.y
      value: 0
      objectReference: {fileID: 0}
    - target: {fileID: 492394, guid: 2e243f586df8a654286cfdb89b75861d, type: 2}
      propertyPath: m_LocalRotation.z
      value: 0
      objectReference: {fileID: 0}
    - target: {fileID: 492394, guid: 2e243f586df8a654286cfdb89b75861d, type: 2}
      propertyPath: m_LocalRotation.w
      value: 1
      objectReference: {fileID: 0}
    - target: {fileID: 492394, guid: 2e243f586df8a654286cfdb89b75861d, type: 2}
      propertyPath: m_RootOrder
      value: 1
      objectReference: {fileID: 0}
    - target: {fileID: 131830, guid: 2e243f586df8a654286cfdb89b75861d, type: 2}
      propertyPath: m_IsActive
      value: 1
      objectReference: {fileID: 0}
    - target: {fileID: 131830, guid: 2e243f586df8a654286cfdb89b75861d, type: 2}
      propertyPath: m_Icon
      value: 
      objectReference: {fileID: 0}
    m_RemovedComponents: []
  m_ParentPrefab: {fileID: 100100000, guid: 2e243f586df8a654286cfdb89b75861d, type: 2}
  m_IsPrefabParent: 0
--- !u!4 &157881435 stripped
Transform:
  m_PrefabParentObject: {fileID: 452052, guid: 78235fb653e43e441bd44f0d594df69a, type: 2}
  m_PrefabInternal: {fileID: 1909642018}
--- !u!1 &292958864
GameObject:
  m_ObjectHideFlags: 0
  m_PrefabParentObject: {fileID: 0}
  m_PrefabInternal: {fileID: 0}
  serializedVersion: 4
  m_Component:
  - 4: {fileID: 292958866}
  - 82: {fileID: 292958865}
  m_Layer: 0
  m_Name: CoffeClean2
  m_TagString: Untagged
  m_Icon: {fileID: 0}
  m_NavMeshLayer: 0
  m_StaticEditorFlags: 0
  m_IsActive: 1
--- !u!82 &292958865
AudioSource:
  m_ObjectHideFlags: 0
  m_PrefabParentObject: {fileID: 0}
  m_PrefabInternal: {fileID: 0}
  m_GameObject: {fileID: 292958864}
  m_Enabled: 1
  serializedVersion: 4
  OutputAudioMixerGroup: {fileID: 0}
  m_audioClip: {fileID: 8300000, guid: dbe566a42692e5142bba0814a622ebb9, type: 3}
  m_PlayOnAwake: 1
  m_Volume: 1
  m_Pitch: 1
  Loop: 1
  Mute: 0
  Spatialize: 0
  Priority: 128
  DopplerLevel: 1
  MinDistance: 1
  MaxDistance: 500
  Pan2D: 0
  rolloffMode: 0
  BypassEffects: 0
  BypassListenerEffects: 0
  BypassReverbZones: 0
  rolloffCustomCurve:
    serializedVersion: 2
    m_Curve:
    - time: 0
      value: 1
      inSlope: 0
      outSlope: 0
      tangentMode: 0
    - time: 1
      value: 0
      inSlope: 0
      outSlope: 0
      tangentMode: 0
    m_PreInfinity: 2
    m_PostInfinity: 2
    m_RotationOrder: 4
  panLevelCustomCurve:
    serializedVersion: 2
    m_Curve:
    - time: 0
      value: 0
      inSlope: 0
      outSlope: 0
      tangentMode: 0
    m_PreInfinity: 2
    m_PostInfinity: 2
    m_RotationOrder: 0
  spreadCustomCurve:
    serializedVersion: 2
    m_Curve:
    - time: 0
      value: 0
      inSlope: 0
      outSlope: 0
      tangentMode: 0
    m_PreInfinity: 2
    m_PostInfinity: 2
    m_RotationOrder: 0
  reverbZoneMixCustomCurve:
    serializedVersion: 2
    m_Curve:
    - time: 0
      value: 1
      inSlope: 0
      outSlope: 0
      tangentMode: 0
    m_PreInfinity: 2
    m_PostInfinity: 2
    m_RotationOrder: 0
--- !u!4 &292958866
Transform:
  m_ObjectHideFlags: 0
  m_PrefabParentObject: {fileID: 0}
  m_PrefabInternal: {fileID: 0}
  m_GameObject: {fileID: 292958864}
  m_LocalRotation: {x: 0, y: 0, z: 0, w: 1}
  m_LocalPosition: {x: 0, y: 0, z: 0}
  m_LocalScale: {x: 1, y: 1, z: 1}
  m_Children: []
  m_Father: {fileID: 0}
  m_RootOrder: 2
--- !u!1 &297441334
GameObject:
  m_ObjectHideFlags: 0
  m_PrefabParentObject: {fileID: 189580, guid: 3778b14eeec9de24c95fdc3dfdacc963, type: 2}
  m_PrefabInternal: {fileID: 0}
  serializedVersion: 4
  m_Component:
  - 224: {fileID: 297441335}
  - 222: {fileID: 297441337}
  - 114: {fileID: 297441336}
  m_Layer: 5
  m_Name: Background
  m_TagString: Untagged
  m_Icon: {fileID: 0}
  m_NavMeshLayer: 0
  m_StaticEditorFlags: 0
  m_IsActive: 0
--- !u!224 &297441335
RectTransform:
  m_ObjectHideFlags: 0
  m_PrefabParentObject: {fileID: 22446896, guid: 3778b14eeec9de24c95fdc3dfdacc963,
    type: 2}
  m_PrefabInternal: {fileID: 0}
  m_GameObject: {fileID: 297441334}
  m_LocalRotation: {x: 0, y: 0, z: 0, w: 1}
  m_LocalPosition: {x: 0, y: 0, z: 0}
  m_LocalScale: {x: 1, y: 1, z: 1}
  m_Children: []
  m_Father: {fileID: 1690776746}
  m_RootOrder: 0
  m_AnchorMin: {x: 0.1, y: 0}
  m_AnchorMax: {x: 0.1, y: 1}
  m_AnchoredPosition: {x: 0, y: 0}
  m_SizeDelta: {x: 0, y: 0}
  m_Pivot: {x: 0.5, y: 0.5}
--- !u!114 &297441336
MonoBehaviour:
  m_ObjectHideFlags: 0
  m_PrefabParentObject: {fileID: 11468330, guid: 3778b14eeec9de24c95fdc3dfdacc963,
    type: 2}
  m_PrefabInternal: {fileID: 0}
  m_GameObject: {fileID: 297441334}
  m_Enabled: 1
  m_EditorHideFlags: 0
  m_Script: {fileID: -765806418, guid: f5f67c52d1564df4a8936ccd202a3bd8, type: 3}
  m_Name: 
  m_EditorClassIdentifier: 
  m_Material: {fileID: 0}
  m_Color: {r: 1, g: 1, b: 1, a: 1}
  m_RaycastTarget: 1
  m_OnCullStateChanged:
    m_PersistentCalls:
      m_Calls: []
    m_TypeName: UnityEngine.UI.MaskableGraphic+CullStateChangedEvent, UnityEngine.UI,
      Version=1.0.0.0, Culture=neutral, PublicKeyToken=null
  m_Sprite: {fileID: 10907, guid: 0000000000000000f000000000000000, type: 0}
  m_Type: 1
  m_PreserveAspect: 0
  m_FillCenter: 1
  m_FillMethod: 4
  m_FillAmount: 1
  m_FillClockwise: 1
  m_FillOrigin: 0
--- !u!222 &297441337
CanvasRenderer:
  m_ObjectHideFlags: 0
  m_PrefabParentObject: {fileID: 22277752, guid: 3778b14eeec9de24c95fdc3dfdacc963,
    type: 2}
  m_PrefabInternal: {fileID: 0}
  m_GameObject: {fileID: 297441334}
--- !u!1001 &317406162
Prefab:
  m_ObjectHideFlags: 0
  serializedVersion: 2
  m_Modification:
    m_TransformParent: {fileID: 0}
    m_Modifications:
    - target: {fileID: 409138, guid: 76acc75d568b404488349b338f4b388f, type: 2}
      propertyPath: m_LocalPosition.x
      value: -0
      objectReference: {fileID: 0}
    - target: {fileID: 409138, guid: 76acc75d568b404488349b338f4b388f, type: 2}
      propertyPath: m_LocalPosition.y
      value: 4
      objectReference: {fileID: 0}
    - target: {fileID: 409138, guid: 76acc75d568b404488349b338f4b388f, type: 2}
      propertyPath: m_LocalPosition.z
      value: 1
      objectReference: {fileID: 0}
    - target: {fileID: 409138, guid: 76acc75d568b404488349b338f4b388f, type: 2}
      propertyPath: m_LocalRotation.x
      value: 0.7071067
      objectReference: {fileID: 0}
    - target: {fileID: 409138, guid: 76acc75d568b404488349b338f4b388f, type: 2}
      propertyPath: m_LocalRotation.y
      value: 0.00000023040464
      objectReference: {fileID: 0}
    - target: {fileID: 409138, guid: 76acc75d568b404488349b338f4b388f, type: 2}
      propertyPath: m_LocalRotation.z
      value: 0.00000023040464
      objectReference: {fileID: 0}
    - target: {fileID: 409138, guid: 76acc75d568b404488349b338f4b388f, type: 2}
      propertyPath: m_LocalRotation.w
      value: -0.7071068
      objectReference: {fileID: 0}
    - target: {fileID: 409138, guid: 76acc75d568b404488349b338f4b388f, type: 2}
      propertyPath: m_RootOrder
      value: 5
      objectReference: {fileID: 0}
    - target: {fileID: 2312836, guid: 76acc75d568b404488349b338f4b388f, type: 2}
      propertyPath: m_Materials.Array.data[0]
      value: 
      objectReference: {fileID: 2100000, guid: 19e7ad58603351c4db2475bd2e90a6a4, type: 2}
    - target: {fileID: 2312836, guid: 76acc75d568b404488349b338f4b388f, type: 2}
      propertyPath: m_Enabled
      value: 0
      objectReference: {fileID: 0}
    - target: {fileID: 191960, guid: 76acc75d568b404488349b338f4b388f, type: 2}
      propertyPath: m_IsActive
      value: 1
      objectReference: {fileID: 0}
    m_RemovedComponents: []
  m_ParentPrefab: {fileID: 100100000, guid: 76acc75d568b404488349b338f4b388f, type: 2}
  m_IsPrefabParent: 0
--- !u!1 &317406163 stripped
GameObject:
  m_PrefabParentObject: {fileID: 191960, guid: 76acc75d568b404488349b338f4b388f, type: 2}
  m_PrefabInternal: {fileID: 317406162}
--- !u!82 &317406164
AudioSource:
  m_ObjectHideFlags: 0
  m_PrefabParentObject: {fileID: 0}
  m_PrefabInternal: {fileID: 0}
  m_GameObject: {fileID: 317406163}
  m_Enabled: 1
  serializedVersion: 4
  OutputAudioMixerGroup: {fileID: 0}
  m_audioClip: {fileID: 8300000, guid: 990696dc00b776040bed412cd27e451d, type: 3}
  m_PlayOnAwake: 1
  m_Volume: 1
  m_Pitch: 1
  Loop: 1
  Mute: 0
  Spatialize: 0
  Priority: 128
  DopplerLevel: 1
  MinDistance: 1
  MaxDistance: 500
  Pan2D: 0
  rolloffMode: 0
  BypassEffects: 0
  BypassListenerEffects: 0
  BypassReverbZones: 0
  rolloffCustomCurve:
    serializedVersion: 2
    m_Curve:
    - time: 0
      value: 1
      inSlope: 0
      outSlope: 0
      tangentMode: 0
    - time: 1
      value: 0
      inSlope: 0
      outSlope: 0
      tangentMode: 0
    m_PreInfinity: 2
    m_PostInfinity: 2
    m_RotationOrder: 4
  panLevelCustomCurve:
    serializedVersion: 2
    m_Curve:
    - time: 0
      value: 0
      inSlope: 0
      outSlope: 0
      tangentMode: 0
    m_PreInfinity: 2
    m_PostInfinity: 2
    m_RotationOrder: 0
  spreadCustomCurve:
    serializedVersion: 2
    m_Curve:
    - time: 0
      value: 0
      inSlope: 0
      outSlope: 0
      tangentMode: 0
    m_PreInfinity: 2
    m_PostInfinity: 2
    m_RotationOrder: 0
  reverbZoneMixCustomCurve:
    serializedVersion: 2
    m_Curve:
    - time: 0
      value: 1
      inSlope: 0
      outSlope: 0
      tangentMode: 0
    m_PreInfinity: 2
    m_PostInfinity: 2
    m_RotationOrder: 0
--- !u!1 &318799111
GameObject:
  m_ObjectHideFlags: 0
  m_PrefabParentObject: {fileID: 187348, guid: 3778b14eeec9de24c95fdc3dfdacc963, type: 2}
  m_PrefabInternal: {fileID: 0}
  serializedVersion: 4
  m_Component:
  - 224: {fileID: 318799112}
  - 222: {fileID: 318799114}
  - 114: {fileID: 318799113}
  m_Layer: 5
  m_Name: Fill
  m_TagString: Untagged
  m_Icon: {fileID: 0}
  m_NavMeshLayer: 0
  m_StaticEditorFlags: 0
  m_IsActive: 1
--- !u!224 &318799112
RectTransform:
  m_ObjectHideFlags: 0
  m_PrefabParentObject: {fileID: 22430100, guid: 3778b14eeec9de24c95fdc3dfdacc963,
    type: 2}
  m_PrefabInternal: {fileID: 0}
  m_GameObject: {fileID: 318799111}
  m_LocalRotation: {x: 0, y: 0, z: 0, w: 1}
  m_LocalPosition: {x: 0, y: 0, z: 0}
  m_LocalScale: {x: 1, y: 1, z: 1}
  m_Children: []
  m_Father: {fileID: 601089047}
  m_RootOrder: 0
  m_AnchorMin: {x: 0, y: 0}
  m_AnchorMax: {x: 0, y: 1}
  m_AnchoredPosition: {x: 0, y: 0}
  m_SizeDelta: {x: 10, y: 0}
  m_Pivot: {x: 0.5, y: 0.5}
--- !u!114 &318799113
MonoBehaviour:
  m_ObjectHideFlags: 0
  m_PrefabParentObject: {fileID: 11493048, guid: 3778b14eeec9de24c95fdc3dfdacc963,
    type: 2}
  m_PrefabInternal: {fileID: 0}
  m_GameObject: {fileID: 318799111}
  m_Enabled: 1
  m_EditorHideFlags: 0
  m_Script: {fileID: -765806418, guid: f5f67c52d1564df4a8936ccd202a3bd8, type: 3}
  m_Name: 
  m_EditorClassIdentifier: 
  m_Material: {fileID: 0}
  m_Color: {r: 1, g: 1, b: 1, a: 1}
  m_RaycastTarget: 1
  m_OnCullStateChanged:
    m_PersistentCalls:
      m_Calls: []
    m_TypeName: UnityEngine.UI.MaskableGraphic+CullStateChangedEvent, UnityEngine.UI,
      Version=1.0.0.0, Culture=neutral, PublicKeyToken=null
  m_Sprite: {fileID: 10905, guid: 0000000000000000f000000000000000, type: 0}
  m_Type: 1
  m_PreserveAspect: 0
  m_FillCenter: 1
  m_FillMethod: 4
  m_FillAmount: 1
  m_FillClockwise: 1
  m_FillOrigin: 0
--- !u!222 &318799114
CanvasRenderer:
  m_ObjectHideFlags: 0
  m_PrefabParentObject: {fileID: 22230610, guid: 3778b14eeec9de24c95fdc3dfdacc963,
    type: 2}
  m_PrefabInternal: {fileID: 0}
  m_GameObject: {fileID: 318799111}
--- !u!1 &545537284
GameObject:
  m_ObjectHideFlags: 0
  m_PrefabParentObject: {fileID: 0}
  m_PrefabInternal: {fileID: 0}
  serializedVersion: 4
  m_Component:
  - 4: {fileID: 545537286}
  - 82: {fileID: 545537285}
  m_Layer: 0
  m_Name: SoundPlayer
  m_TagString: Untagged
  m_Icon: {fileID: 0}
  m_NavMeshLayer: 0
  m_StaticEditorFlags: 0
  m_IsActive: 1
--- !u!82 &545537285
AudioSource:
  m_ObjectHideFlags: 0
  m_PrefabParentObject: {fileID: 0}
  m_PrefabInternal: {fileID: 0}
  m_GameObject: {fileID: 545537284}
  m_Enabled: 1
  serializedVersion: 4
  OutputAudioMixerGroup: {fileID: 0}
  m_audioClip: {fileID: 0}
  m_PlayOnAwake: 1
  m_Volume: 1
  m_Pitch: 1
  Loop: 0
  Mute: 0
  Spatialize: 0
  Priority: 128
  DopplerLevel: 1
  MinDistance: 1
  MaxDistance: 500
  Pan2D: 0
  rolloffMode: 0
  BypassEffects: 0
  BypassListenerEffects: 0
  BypassReverbZones: 0
  rolloffCustomCurve:
    serializedVersion: 2
    m_Curve:
    - time: 0
      value: 1
      inSlope: 0
      outSlope: 0
      tangentMode: 0
    - time: 1
      value: 0
      inSlope: 0
      outSlope: 0
      tangentMode: 0
    m_PreInfinity: 2
    m_PostInfinity: 2
    m_RotationOrder: 4
  panLevelCustomCurve:
    serializedVersion: 2
    m_Curve:
    - time: 0
      value: 0
      inSlope: 0
      outSlope: 0
      tangentMode: 0
    m_PreInfinity: 2
    m_PostInfinity: 2
    m_RotationOrder: 0
  spreadCustomCurve:
    serializedVersion: 2
    m_Curve:
    - time: 0
      value: 0
      inSlope: 0
      outSlope: 0
      tangentMode: 0
    m_PreInfinity: 2
    m_PostInfinity: 2
    m_RotationOrder: 0
  reverbZoneMixCustomCurve:
    serializedVersion: 2
    m_Curve:
    - time: 0
      value: 1
      inSlope: 0
      outSlope: 0
      tangentMode: 0
    m_PreInfinity: 2
    m_PostInfinity: 2
    m_RotationOrder: 0
--- !u!4 &545537286
Transform:
  m_ObjectHideFlags: 0
  m_PrefabParentObject: {fileID: 0}
  m_PrefabInternal: {fileID: 0}
  m_GameObject: {fileID: 545537284}
  m_LocalRotation: {x: 0, y: 0, z: 0, w: 1}
  m_LocalPosition: {x: 0, y: 0, z: -10}
  m_LocalScale: {x: 1, y: 1, z: 1}
  m_Children: []
  m_Father: {fileID: 0}
  m_RootOrder: 12
--- !u!1 &601089046
GameObject:
  m_ObjectHideFlags: 0
  m_PrefabParentObject: {fileID: 144728, guid: 3778b14eeec9de24c95fdc3dfdacc963, type: 2}
  m_PrefabInternal: {fileID: 0}
  serializedVersion: 4
  m_Component:
  - 224: {fileID: 601089047}
  m_Layer: 5
  m_Name: Fill Area
  m_TagString: Untagged
  m_Icon: {fileID: 0}
  m_NavMeshLayer: 0
  m_StaticEditorFlags: 0
  m_IsActive: 1
--- !u!224 &601089047
RectTransform:
  m_ObjectHideFlags: 0
  m_PrefabParentObject: {fileID: 22437054, guid: 3778b14eeec9de24c95fdc3dfdacc963,
    type: 2}
  m_PrefabInternal: {fileID: 0}
  m_GameObject: {fileID: 601089046}
  m_LocalRotation: {x: 0, y: 0, z: 0, w: 1}
  m_LocalPosition: {x: 0, y: 0, z: 0}
  m_LocalScale: {x: 1, y: 1, z: 1}
  m_Children:
  - {fileID: 318799112}
  m_Father: {fileID: 1690776746}
  m_RootOrder: 1
  m_AnchorMin: {x: 0, y: 0.25}
  m_AnchorMax: {x: 1, y: 0.75}
  m_AnchoredPosition: {x: -5, y: 0}
  m_SizeDelta: {x: -20, y: 0}
  m_Pivot: {x: 0.5, y: 0.5}
--- !u!1 &674505889
GameObject:
  m_ObjectHideFlags: 0
  m_PrefabParentObject: {fileID: 0}
  m_PrefabInternal: {fileID: 0}
  serializedVersion: 4
  m_Component:
  - 224: {fileID: 674505890}
  - 222: {fileID: 674505893}
  - 114: {fileID: 674505892}
  - 114: {fileID: 674505891}
  - 114: {fileID: 674505894}
  m_Layer: 5
  m_Name: Button
  m_TagString: Untagged
  m_Icon: {fileID: 0}
  m_NavMeshLayer: 0
  m_StaticEditorFlags: 0
  m_IsActive: 1
--- !u!224 &674505890
RectTransform:
  m_ObjectHideFlags: 0
  m_PrefabParentObject: {fileID: 0}
  m_PrefabInternal: {fileID: 0}
  m_GameObject: {fileID: 674505889}
  m_LocalRotation: {x: 0, y: 0, z: 0, w: 1}
  m_LocalPosition: {x: 0, y: 0, z: 0}
  m_LocalScale: {x: 1, y: 1, z: 1}
  m_Children:
  - {fileID: 1219182994}
  m_Father: {fileID: 2127574516}
  m_RootOrder: 2
  m_AnchorMin: {x: 0.5, y: 0}
  m_AnchorMax: {x: 0.5, y: 0}
  m_AnchoredPosition: {x: 0, y: 0}
  m_SizeDelta: {x: 160, y: 30}
  m_Pivot: {x: 0.5, y: 0}
--- !u!114 &674505891
MonoBehaviour:
  m_ObjectHideFlags: 0
  m_PrefabParentObject: {fileID: 0}
  m_PrefabInternal: {fileID: 0}
  m_GameObject: {fileID: 674505889}
  m_Enabled: 1
  m_EditorHideFlags: 0
  m_Script: {fileID: 1392445389, guid: f5f67c52d1564df4a8936ccd202a3bd8, type: 3}
  m_Name: 
  m_EditorClassIdentifier: 
  m_Navigation:
    m_Mode: 3
    m_SelectOnUp: {fileID: 0}
    m_SelectOnDown: {fileID: 0}
    m_SelectOnLeft: {fileID: 0}
    m_SelectOnRight: {fileID: 0}
  m_Transition: 1
  m_Colors:
    m_NormalColor: {r: 1, g: 1, b: 1, a: 1}
    m_HighlightedColor: {r: 0.9607843, g: 0.9607843, b: 0.9607843, a: 1}
    m_PressedColor: {r: 0.78431374, g: 0.78431374, b: 0.78431374, a: 1}
    m_DisabledColor: {r: 0.78431374, g: 0.78431374, b: 0.78431374, a: 0.5019608}
    m_ColorMultiplier: 1
    m_FadeDuration: 0.1
  m_SpriteState:
    m_HighlightedSprite: {fileID: 0}
    m_PressedSprite: {fileID: 0}
    m_DisabledSprite: {fileID: 0}
  m_AnimationTriggers:
    m_NormalTrigger: Normal
    m_HighlightedTrigger: Highlighted
    m_PressedTrigger: Pressed
    m_DisabledTrigger: Disabled
  m_Interactable: 1
  m_TargetGraphic: {fileID: 674505892}
  m_OnClick:
    m_PersistentCalls:
      m_Calls:
      - m_Target: {fileID: 674505894}
        m_MethodName: startGame
        m_Mode: 1
        m_Arguments:
          m_ObjectArgument: {fileID: 0}
          m_ObjectArgumentAssemblyTypeName: UnityEngine.Object, UnityEngine
          m_IntArgument: 0
          m_FloatArgument: 0
          m_StringArgument: 
          m_BoolArgument: 0
        m_CallState: 2
    m_TypeName: UnityEngine.UI.Button+ButtonClickedEvent, UnityEngine.UI, Version=1.0.0.0,
      Culture=neutral, PublicKeyToken=null
--- !u!114 &674505892
MonoBehaviour:
  m_ObjectHideFlags: 0
  m_PrefabParentObject: {fileID: 0}
  m_PrefabInternal: {fileID: 0}
  m_GameObject: {fileID: 674505889}
  m_Enabled: 1
  m_EditorHideFlags: 0
  m_Script: {fileID: -765806418, guid: f5f67c52d1564df4a8936ccd202a3bd8, type: 3}
  m_Name: 
  m_EditorClassIdentifier: 
  m_Material: {fileID: 0}
  m_Color: {r: 1, g: 1, b: 1, a: 1}
  m_RaycastTarget: 1
  m_OnCullStateChanged:
    m_PersistentCalls:
      m_Calls: []
    m_TypeName: UnityEngine.UI.MaskableGraphic+CullStateChangedEvent, UnityEngine.UI,
      Version=1.0.0.0, Culture=neutral, PublicKeyToken=null
  m_Sprite: {fileID: 10905, guid: 0000000000000000f000000000000000, type: 0}
  m_Type: 1
  m_PreserveAspect: 0
  m_FillCenter: 1
  m_FillMethod: 4
  m_FillAmount: 1
  m_FillClockwise: 1
  m_FillOrigin: 0
--- !u!222 &674505893
CanvasRenderer:
  m_ObjectHideFlags: 0
  m_PrefabParentObject: {fileID: 0}
  m_PrefabInternal: {fileID: 0}
  m_GameObject: {fileID: 674505889}
--- !u!114 &674505894
MonoBehaviour:
  m_ObjectHideFlags: 0
  m_PrefabParentObject: {fileID: 0}
  m_PrefabInternal: {fileID: 0}
  m_GameObject: {fileID: 674505889}
  m_Enabled: 1
  m_EditorHideFlags: 0
  m_Script: {fileID: 11500000, guid: 2cb5e0fa2b7f50f45acec300b116f7ae, type: 3}
  m_Name: 
  m_EditorClassIdentifier: 
--- !u!1 &694366217
GameObject:
  m_ObjectHideFlags: 0
  m_PrefabParentObject: {fileID: 121370, guid: 3778b14eeec9de24c95fdc3dfdacc963, type: 2}
  m_PrefabInternal: {fileID: 0}
  serializedVersion: 4
  m_Component:
  - 224: {fileID: 694366218}
  - 222: {fileID: 694366220}
  - 114: {fileID: 694366219}
  m_Layer: 5
  m_Name: FruityText
  m_TagString: Untagged
  m_Icon: {fileID: 0}
  m_NavMeshLayer: 0
  m_StaticEditorFlags: 0
  m_IsActive: 1
--- !u!224 &694366218
RectTransform:
  m_ObjectHideFlags: 0
  m_PrefabParentObject: {fileID: 22402538, guid: 3778b14eeec9de24c95fdc3dfdacc963,
    type: 2}
  m_PrefabInternal: {fileID: 0}
  m_GameObject: {fileID: 694366217}
  m_LocalRotation: {x: 0, y: 0, z: 0, w: 1}
  m_LocalPosition: {x: 0, y: 0, z: 0}
  m_LocalScale: {x: 1, y: 1, z: 1}
  m_Children: []
  m_Father: {fileID: 1950324084}
  m_RootOrder: 1
  m_AnchorMin: {x: 0, y: 0.5}
  m_AnchorMax: {x: 0, y: 0.5}
  m_AnchoredPosition: {x: 30, y: 0}
  m_SizeDelta: {x: 60, y: 20}
  m_Pivot: {x: 0.5, y: 0.5}
--- !u!114 &694366219
MonoBehaviour:
  m_ObjectHideFlags: 0
  m_PrefabParentObject: {fileID: 11402578, guid: 3778b14eeec9de24c95fdc3dfdacc963,
    type: 2}
  m_PrefabInternal: {fileID: 0}
  m_GameObject: {fileID: 694366217}
  m_Enabled: 1
  m_EditorHideFlags: 0
  m_Script: {fileID: 708705254, guid: f5f67c52d1564df4a8936ccd202a3bd8, type: 3}
  m_Name: 
  m_EditorClassIdentifier: 
  m_Material: {fileID: 0}
  m_Color: {r: 1, g: 1, b: 1, a: 1}
  m_RaycastTarget: 1
  m_OnCullStateChanged:
    m_PersistentCalls:
      m_Calls: []
    m_TypeName: UnityEngine.UI.MaskableGraphic+CullStateChangedEvent, UnityEngine.UI,
      Version=1.0.0.0, Culture=neutral, PublicKeyToken=null
  m_FontData:
    m_Font: {fileID: 10102, guid: 0000000000000000e000000000000000, type: 0}
    m_FontSize: 14
    m_FontStyle: 0
    m_BestFit: 0
    m_MinSize: 10
    m_MaxSize: 40
    m_Alignment: 0
    m_AlignByGeometry: 0
    m_RichText: 1
    m_HorizontalOverflow: 0
    m_VerticalOverflow: 0
    m_LineSpacing: 1
  m_Text: Fruity
--- !u!222 &694366220
CanvasRenderer:
  m_ObjectHideFlags: 0
  m_PrefabParentObject: {fileID: 22275180, guid: 3778b14eeec9de24c95fdc3dfdacc963,
    type: 2}
  m_PrefabInternal: {fileID: 0}
  m_GameObject: {fileID: 694366217}
--- !u!1 &772063491
GameObject:
  m_ObjectHideFlags: 0
  m_PrefabParentObject: {fileID: 0}
  m_PrefabInternal: {fileID: 0}
  serializedVersion: 4
  m_Component:
  - 224: {fileID: 772063492}
  - 222: {fileID: 772063495}
  - 114: {fileID: 772063494}
  - 114: {fileID: 772063493}
  - 82: {fileID: 772063496}
  m_Layer: 0
  m_Name: Text
  m_TagString: Untagged
  m_Icon: {fileID: 0}
  m_NavMeshLayer: 0
  m_StaticEditorFlags: 0
  m_IsActive: 1
--- !u!224 &772063492
RectTransform:
  m_ObjectHideFlags: 0
  m_PrefabParentObject: {fileID: 0}
  m_PrefabInternal: {fileID: 0}
  m_GameObject: {fileID: 772063491}
  m_LocalRotation: {x: 0, y: 0, z: 0, w: 1}
  m_LocalPosition: {x: 0, y: 0, z: 0}
  m_LocalScale: {x: 1, y: 1, z: 1}
  m_Children: []
  m_Father: {fileID: 1824853968}
  m_RootOrder: 0
  m_AnchorMin: {x: 0.5, y: 1}
  m_AnchorMax: {x: 0.5, y: 1}
  m_AnchoredPosition: {x: 0, y: -15}
  m_SizeDelta: {x: 160, y: 30}
  m_Pivot: {x: 0.5, y: 0.5}
--- !u!114 &772063493
MonoBehaviour:
  m_ObjectHideFlags: 0
  m_PrefabParentObject: {fileID: 0}
  m_PrefabInternal: {fileID: 0}
  m_GameObject: {fileID: 772063491}
  m_Enabled: 1
  m_EditorHideFlags: 0
  m_Script: {fileID: 11500000, guid: cf2cde51e749ac24583fbfd532f9fe01, type: 3}
  m_Name: 
  m_EditorClassIdentifier: 
  currentTime: 30
  timeText: {fileID: 772063494}
  bellSource: {fileID: 772063496}
--- !u!114 &772063494
MonoBehaviour:
  m_ObjectHideFlags: 0
  m_PrefabParentObject: {fileID: 0}
  m_PrefabInternal: {fileID: 0}
  m_GameObject: {fileID: 772063491}
  m_Enabled: 1
  m_EditorHideFlags: 0
  m_Script: {fileID: 708705254, guid: f5f67c52d1564df4a8936ccd202a3bd8, type: 3}
  m_Name: 
  m_EditorClassIdentifier: 
  m_Material: {fileID: 0}
  m_Color: {r: 1, g: 1, b: 1, a: 1}
  m_RaycastTarget: 1
  m_OnCullStateChanged:
    m_PersistentCalls:
      m_Calls: []
    m_TypeName: UnityEngine.UI.MaskableGraphic+CullStateChangedEvent, UnityEngine.UI,
      Version=1.0.0.0, Culture=neutral, PublicKeyToken=null
  m_FontData:
    m_Font: {fileID: 10102, guid: 0000000000000000e000000000000000, type: 0}
    m_FontSize: 20
    m_FontStyle: 0
    m_BestFit: 0
    m_MinSize: 2
    m_MaxSize: 40
    m_Alignment: 1
    m_AlignByGeometry: 0
    m_RichText: 1
    m_HorizontalOverflow: 0
    m_VerticalOverflow: 0
    m_LineSpacing: 1
  m_Text: New Text
--- !u!222 &772063495
CanvasRenderer:
  m_ObjectHideFlags: 0
  m_PrefabParentObject: {fileID: 0}
  m_PrefabInternal: {fileID: 0}
  m_GameObject: {fileID: 772063491}
--- !u!82 &772063496
AudioSource:
  m_ObjectHideFlags: 0
  m_PrefabParentObject: {fileID: 0}
  m_PrefabInternal: {fileID: 0}
  m_GameObject: {fileID: 772063491}
  m_Enabled: 1
  serializedVersion: 4
  OutputAudioMixerGroup: {fileID: 0}
  m_audioClip: {fileID: 8300000, guid: 80e68dd8349e07942ba8559630efb5e9, type: 3}
  m_PlayOnAwake: 0
  m_Volume: 1
  m_Pitch: 1
  Loop: 0
  Mute: 0
  Spatialize: 0
  Priority: 128
  DopplerLevel: 1
  MinDistance: 1
  MaxDistance: 500
  Pan2D: 0
  rolloffMode: 0
  BypassEffects: 0
  BypassListenerEffects: 0
  BypassReverbZones: 0
  rolloffCustomCurve:
    serializedVersion: 2
    m_Curve:
    - time: 0
      value: 1
      inSlope: 0
      outSlope: 0
      tangentMode: 0
    - time: 1
      value: 0
      inSlope: 0
      outSlope: 0
      tangentMode: 0
    m_PreInfinity: 2
    m_PostInfinity: 2
    m_RotationOrder: 4
  panLevelCustomCurve:
    serializedVersion: 2
    m_Curve:
    - time: 0
      value: 0
      inSlope: 0
      outSlope: 0
      tangentMode: 0
    m_PreInfinity: 2
    m_PostInfinity: 2
    m_RotationOrder: 0
  spreadCustomCurve:
    serializedVersion: 2
    m_Curve:
    - time: 0
      value: 0
      inSlope: 0
      outSlope: 0
      tangentMode: 0
    m_PreInfinity: 2
    m_PostInfinity: 2
    m_RotationOrder: 0
  reverbZoneMixCustomCurve:
    serializedVersion: 2
    m_Curve:
    - time: 0
      value: 1
      inSlope: 0
      outSlope: 0
      tangentMode: 0
    m_PreInfinity: 2
    m_PostInfinity: 2
    m_RotationOrder: 0
--- !u!1 &810069317
GameObject:
  m_ObjectHideFlags: 0
  m_PrefabParentObject: {fileID: 0}
  m_PrefabInternal: {fileID: 0}
  serializedVersion: 4
  m_Component:
  - 4: {fileID: 810069320}
  - 114: {fileID: 810069319}
  - 114: {fileID: 810069318}
  m_Layer: 0
  m_Name: EventSystem
  m_TagString: Untagged
  m_Icon: {fileID: 0}
  m_NavMeshLayer: 0
  m_StaticEditorFlags: 0
  m_IsActive: 1
--- !u!114 &810069318
MonoBehaviour:
  m_ObjectHideFlags: 0
  m_PrefabParentObject: {fileID: 0}
  m_PrefabInternal: {fileID: 0}
  m_GameObject: {fileID: 810069317}
  m_Enabled: 1
  m_EditorHideFlags: 0
  m_Script: {fileID: 1077351063, guid: f5f67c52d1564df4a8936ccd202a3bd8, type: 3}
  m_Name: 
  m_EditorClassIdentifier: 
  m_HorizontalAxis: Horizontal
  m_VerticalAxis: Vertical
  m_SubmitButton: Submit
  m_CancelButton: Cancel
  m_InputActionsPerSecond: 10
  m_RepeatDelay: 0.5
  m_ForceModuleActive: 0
--- !u!114 &810069319
MonoBehaviour:
  m_ObjectHideFlags: 0
  m_PrefabParentObject: {fileID: 0}
  m_PrefabInternal: {fileID: 0}
  m_GameObject: {fileID: 810069317}
  m_Enabled: 1
  m_EditorHideFlags: 0
  m_Script: {fileID: -619905303, guid: f5f67c52d1564df4a8936ccd202a3bd8, type: 3}
  m_Name: 
  m_EditorClassIdentifier: 
  m_FirstSelected: {fileID: 0}
  m_sendNavigationEvents: 1
  m_DragThreshold: 5
--- !u!4 &810069320
Transform:
  m_ObjectHideFlags: 0
  m_PrefabParentObject: {fileID: 0}
  m_PrefabInternal: {fileID: 0}
  m_GameObject: {fileID: 810069317}
  m_LocalRotation: {x: 0, y: 0, z: 0, w: 1}
  m_LocalPosition: {x: 0, y: 0, z: 0}
  m_LocalScale: {x: 1, y: 1, z: 1}
  m_Children: []
  m_Father: {fileID: 0}
  m_RootOrder: 11
--- !u!1 &867751438
GameObject:
  m_ObjectHideFlags: 0
  m_PrefabParentObject: {fileID: 191922, guid: 3778b14eeec9de24c95fdc3dfdacc963, type: 2}
  m_PrefabInternal: {fileID: 0}
  serializedVersion: 4
  m_Component:
  - 224: {fileID: 867751439}
  m_Layer: 5
  m_Name: Handle Slide Area
  m_TagString: Untagged
  m_Icon: {fileID: 0}
  m_NavMeshLayer: 0
  m_StaticEditorFlags: 0
  m_IsActive: 0
--- !u!224 &867751439
RectTransform:
  m_ObjectHideFlags: 0
  m_PrefabParentObject: {fileID: 22425660, guid: 3778b14eeec9de24c95fdc3dfdacc963,
    type: 2}
  m_PrefabInternal: {fileID: 0}
  m_GameObject: {fileID: 867751438}
  m_LocalRotation: {x: 0, y: 0, z: 0, w: 1}
  m_LocalPosition: {x: 0, y: 0, z: 0}
  m_LocalScale: {x: 1, y: 1, z: 1}
  m_Children:
  - {fileID: 889252730}
  m_Father: {fileID: 1690776746}
  m_RootOrder: 2
  m_AnchorMin: {x: 0, y: 0}
  m_AnchorMax: {x: 1, y: 1}
  m_AnchoredPosition: {x: 0, y: 0}
  m_SizeDelta: {x: -20, y: 0}
  m_Pivot: {x: 0.5, y: 0.5}
--- !u!224 &884014060 stripped
RectTransform:
  m_PrefabParentObject: {fileID: 22411808, guid: 3778b14eeec9de24c95fdc3dfdacc963,
    type: 2}
  m_PrefabInternal: {fileID: 2127574515}
--- !u!114 &884014061 stripped
MonoBehaviour:
  m_PrefabParentObject: {fileID: 11461342, guid: 3778b14eeec9de24c95fdc3dfdacc963,
    type: 2}
  m_PrefabInternal: {fileID: 2127574515}
  m_Script: {fileID: 11500000, guid: efea0859875babf4b8aa4043a733ee75, type: 3}
--- !u!1 &889252729
GameObject:
  m_ObjectHideFlags: 0
  m_PrefabParentObject: {fileID: 173442, guid: 3778b14eeec9de24c95fdc3dfdacc963, type: 2}
  m_PrefabInternal: {fileID: 0}
  serializedVersion: 4
  m_Component:
  - 224: {fileID: 889252730}
  - 222: {fileID: 889252732}
  - 114: {fileID: 889252731}
  m_Layer: 5
  m_Name: Handle
  m_TagString: Untagged
  m_Icon: {fileID: 0}
  m_NavMeshLayer: 0
  m_StaticEditorFlags: 0
  m_IsActive: 1
--- !u!224 &889252730
RectTransform:
  m_ObjectHideFlags: 0
  m_PrefabParentObject: {fileID: 22428118, guid: 3778b14eeec9de24c95fdc3dfdacc963,
    type: 2}
  m_PrefabInternal: {fileID: 0}
  m_GameObject: {fileID: 889252729}
  m_LocalRotation: {x: 0, y: 0, z: 0, w: 1}
  m_LocalPosition: {x: 0, y: 0, z: 0}
  m_LocalScale: {x: 1, y: 1, z: 1}
  m_Children: []
  m_Father: {fileID: 867751439}
  m_RootOrder: 0
  m_AnchorMin: {x: 0, y: 0}
  m_AnchorMax: {x: 0, y: 1}
  m_AnchoredPosition: {x: 0, y: 0}
  m_SizeDelta: {x: 20, y: 0}
  m_Pivot: {x: 0.5, y: 0.5}
--- !u!114 &889252731
MonoBehaviour:
  m_ObjectHideFlags: 0
  m_PrefabParentObject: {fileID: 11468856, guid: 3778b14eeec9de24c95fdc3dfdacc963,
    type: 2}
  m_PrefabInternal: {fileID: 0}
  m_GameObject: {fileID: 889252729}
  m_Enabled: 1
  m_EditorHideFlags: 0
  m_Script: {fileID: -765806418, guid: f5f67c52d1564df4a8936ccd202a3bd8, type: 3}
  m_Name: 
  m_EditorClassIdentifier: 
  m_Material: {fileID: 0}
  m_Color: {r: 1, g: 1, b: 1, a: 1}
  m_RaycastTarget: 1
  m_OnCullStateChanged:
    m_PersistentCalls:
      m_Calls: []
    m_TypeName: UnityEngine.UI.MaskableGraphic+CullStateChangedEvent, UnityEngine.UI,
      Version=1.0.0.0, Culture=neutral, PublicKeyToken=null
  m_Sprite: {fileID: 10913, guid: 0000000000000000f000000000000000, type: 0}
  m_Type: 0
  m_PreserveAspect: 0
  m_FillCenter: 1
  m_FillMethod: 4
  m_FillAmount: 1
  m_FillClockwise: 1
  m_FillOrigin: 0
--- !u!222 &889252732
CanvasRenderer:
  m_ObjectHideFlags: 0
  m_PrefabParentObject: {fileID: 22237640, guid: 3778b14eeec9de24c95fdc3dfdacc963,
    type: 2}
  m_PrefabInternal: {fileID: 0}
  m_GameObject: {fileID: 889252729}
--- !u!1 &995959281
GameObject:
  m_ObjectHideFlags: 0
  m_PrefabParentObject: {fileID: 0}
  m_PrefabInternal: {fileID: 0}
  serializedVersion: 4
  m_Component:
  - 4: {fileID: 995959283}
  - 212: {fileID: 995959282}
  m_Layer: 0
  m_Name: bgstains
  m_TagString: Untagged
  m_Icon: {fileID: 0}
  m_NavMeshLayer: 0
  m_StaticEditorFlags: 0
  m_IsActive: 1
--- !u!212 &995959282
SpriteRenderer:
  m_ObjectHideFlags: 0
  m_PrefabParentObject: {fileID: 0}
  m_PrefabInternal: {fileID: 0}
  m_GameObject: {fileID: 995959281}
  m_Enabled: 1
  m_CastShadows: 0
  m_ReceiveShadows: 0
  m_Materials:
  - {fileID: 10754, guid: 0000000000000000e000000000000000, type: 0}
  m_SubsetIndices: 
  m_StaticBatchRoot: {fileID: 0}
  m_UseLightProbes: 0
  m_ReflectionProbeUsage: 0
  m_ProbeAnchor: {fileID: 0}
  m_ScaleInLightmap: 1
  m_PreserveUVs: 0
  m_IgnoreNormalsForChartDetection: 0
  m_ImportantGI: 0
  m_MinimumChartSize: 4
  m_AutoUVMaxDistance: 0.5
  m_AutoUVMaxAngle: 89
  m_LightmapParameters: {fileID: 0}
  m_SortingLayerID: 0
  m_SortingOrder: 0
  m_Sprite: {fileID: 21300000, guid: 29e809a2d92113848a961fdef655741c, type: 3}
  m_Color: {r: 1, g: 1, b: 1, a: 1}
  m_FlipX: 0
  m_FlipY: 0
--- !u!4 &995959283
Transform:
  m_ObjectHideFlags: 0
  m_PrefabParentObject: {fileID: 0}
  m_PrefabInternal: {fileID: 0}
  m_GameObject: {fileID: 995959281}
  m_LocalRotation: {x: 0, y: 0, z: 0, w: 1}
  m_LocalPosition: {x: 0.01, y: 4.362481, z: 0.64}
  m_LocalScale: {x: 0.5, y: 0.5, z: 1}
  m_Children: []
  m_Father: {fileID: 0}
  m_RootOrder: 10
--- !u!1 &1112613662
GameObject:
  m_ObjectHideFlags: 0
  m_PrefabParentObject: {fileID: 0}
  m_PrefabInternal: {fileID: 0}
  serializedVersion: 4
  m_Component:
  - 224: {fileID: 1112613663}
  - 222: {fileID: 1112613665}
  - 114: {fileID: 1112613664}
  m_Layer: 5
  m_Name: Stats Screen Image
  m_TagString: Untagged
  m_Icon: {fileID: 0}
  m_NavMeshLayer: 0
  m_StaticEditorFlags: 0
  m_IsActive: 1
--- !u!224 &1112613663
RectTransform:
  m_ObjectHideFlags: 0
  m_PrefabParentObject: {fileID: 0}
  m_PrefabInternal: {fileID: 0}
  m_GameObject: {fileID: 1112613662}
  m_LocalRotation: {x: 0, y: 0, z: 0, w: 1}
  m_LocalPosition: {x: 0, y: 0, z: 0}
  m_LocalScale: {x: 1, y: 1, z: 1}
  m_Children: []
  m_Father: {fileID: 2127574516}
  m_RootOrder: 0
  m_AnchorMin: {x: 0, y: 0}
  m_AnchorMax: {x: 1, y: 1}
  m_AnchoredPosition: {x: 0, y: 0}
  m_SizeDelta: {x: 0, y: 0}
  m_Pivot: {x: 0.5, y: 0.5}
--- !u!114 &1112613664
MonoBehaviour:
  m_ObjectHideFlags: 0
  m_PrefabParentObject: {fileID: 0}
  m_PrefabInternal: {fileID: 0}
  m_GameObject: {fileID: 1112613662}
  m_Enabled: 1
  m_EditorHideFlags: 0
  m_Script: {fileID: -98529514, guid: f5f67c52d1564df4a8936ccd202a3bd8, type: 3}
  m_Name: 
  m_EditorClassIdentifier: 
  m_Material: {fileID: 0}
  m_Color: {r: 0.19117647, g: 0.19117647, b: 0.19117647, a: 1}
  m_RaycastTarget: 1
  m_OnCullStateChanged:
    m_PersistentCalls:
      m_Calls: []
    m_TypeName: UnityEngine.UI.MaskableGraphic+CullStateChangedEvent, UnityEngine.UI,
      Version=1.0.0.0, Culture=neutral, PublicKeyToken=null
  m_Texture: {fileID: 2800000, guid: 02be184bc53964a4097381474e7b1f9f, type: 3}
  m_UVRect:
    serializedVersion: 2
    x: 0
    y: 0
    width: 1
    height: 1
--- !u!222 &1112613665
CanvasRenderer:
  m_ObjectHideFlags: 0
  m_PrefabParentObject: {fileID: 0}
  m_PrefabInternal: {fileID: 0}
  m_GameObject: {fileID: 1112613662}
--- !u!114 &1133004037 stripped
MonoBehaviour:
  m_PrefabParentObject: {fileID: 11476070, guid: 3778b14eeec9de24c95fdc3dfdacc963,
    type: 2}
  m_PrefabInternal: {fileID: 2127574515}
  m_Script: {fileID: 708705254, guid: f5f67c52d1564df4a8936ccd202a3bd8, type: 3}
--- !u!1 &1219182993
GameObject:
  m_ObjectHideFlags: 0
  m_PrefabParentObject: {fileID: 0}
  m_PrefabInternal: {fileID: 0}
  serializedVersion: 4
  m_Component:
  - 224: {fileID: 1219182994}
  - 222: {fileID: 1219182996}
  - 114: {fileID: 1219182995}
  m_Layer: 5
  m_Name: Text
  m_TagString: Untagged
  m_Icon: {fileID: 0}
  m_NavMeshLayer: 0
  m_StaticEditorFlags: 0
  m_IsActive: 1
--- !u!224 &1219182994
RectTransform:
  m_ObjectHideFlags: 0
  m_PrefabParentObject: {fileID: 0}
  m_PrefabInternal: {fileID: 0}
  m_GameObject: {fileID: 1219182993}
  m_LocalRotation: {x: 0, y: 0, z: 0, w: 1}
  m_LocalPosition: {x: 0, y: 0, z: 0}
  m_LocalScale: {x: 1, y: 1, z: 1}
  m_Children: []
  m_Father: {fileID: 674505890}
  m_RootOrder: 0
  m_AnchorMin: {x: 0, y: 0}
  m_AnchorMax: {x: 1, y: 1}
  m_AnchoredPosition: {x: 0, y: 0}
  m_SizeDelta: {x: 0, y: 0}
  m_Pivot: {x: 0.5, y: 0.5}
--- !u!114 &1219182995
MonoBehaviour:
  m_ObjectHideFlags: 0
  m_PrefabParentObject: {fileID: 0}
  m_PrefabInternal: {fileID: 0}
  m_GameObject: {fileID: 1219182993}
  m_Enabled: 1
  m_EditorHideFlags: 0
  m_Script: {fileID: 708705254, guid: f5f67c52d1564df4a8936ccd202a3bd8, type: 3}
  m_Name: 
  m_EditorClassIdentifier: 
  m_Material: {fileID: 0}
  m_Color: {r: 0.19607843, g: 0.19607843, b: 0.19607843, a: 1}
  m_RaycastTarget: 1
  m_OnCullStateChanged:
    m_PersistentCalls:
      m_Calls: []
    m_TypeName: UnityEngine.UI.MaskableGraphic+CullStateChangedEvent, UnityEngine.UI,
      Version=1.0.0.0, Culture=neutral, PublicKeyToken=null
  m_FontData:
    m_Font: {fileID: 10102, guid: 0000000000000000e000000000000000, type: 0}
    m_FontSize: 14
    m_FontStyle: 0
    m_BestFit: 0
    m_MinSize: 10
    m_MaxSize: 40
    m_Alignment: 4
    m_AlignByGeometry: 0
    m_RichText: 1
    m_HorizontalOverflow: 0
    m_VerticalOverflow: 0
    m_LineSpacing: 1
  m_Text: Next Customer
--- !u!222 &1219182996
CanvasRenderer:
  m_ObjectHideFlags: 0
  m_PrefabParentObject: {fileID: 0}
  m_PrefabInternal: {fileID: 0}
  m_GameObject: {fileID: 1219182993}
--- !u!1001 &1339687325
Prefab:
  m_ObjectHideFlags: 0
  serializedVersion: 2
  m_Modification:
    m_TransformParent: {fileID: 0}
    m_Modifications:
    - target: {fileID: 487870, guid: cb63c34644487b743b07a12ef6039e03, type: 2}
      propertyPath: m_LocalPosition.x
      value: 7
      objectReference: {fileID: 0}
    - target: {fileID: 487870, guid: cb63c34644487b743b07a12ef6039e03, type: 2}
      propertyPath: m_LocalPosition.y
      value: 4
      objectReference: {fileID: 0}
    - target: {fileID: 487870, guid: cb63c34644487b743b07a12ef6039e03, type: 2}
      propertyPath: m_LocalPosition.z
      value: -1
      objectReference: {fileID: 0}
    - target: {fileID: 487870, guid: cb63c34644487b743b07a12ef6039e03, type: 2}
      propertyPath: m_LocalRotation.x
      value: 0
      objectReference: {fileID: 0}
    - target: {fileID: 487870, guid: cb63c34644487b743b07a12ef6039e03, type: 2}
      propertyPath: m_LocalRotation.y
      value: 0
      objectReference: {fileID: 0}
    - target: {fileID: 487870, guid: cb63c34644487b743b07a12ef6039e03, type: 2}
      propertyPath: m_LocalRotation.z
      value: 0.7071068
      objectReference: {fileID: 0}
    - target: {fileID: 487870, guid: cb63c34644487b743b07a12ef6039e03, type: 2}
      propertyPath: m_LocalRotation.w
      value: 0.7071067
      objectReference: {fileID: 0}
    - target: {fileID: 487870, guid: cb63c34644487b743b07a12ef6039e03, type: 2}
      propertyPath: m_RootOrder
      value: 7
      objectReference: {fileID: 0}
    - target: {fileID: 174282, guid: cb63c34644487b743b07a12ef6039e03, type: 2}
      propertyPath: m_Name
      value: Fall off (1)
      objectReference: {fileID: 0}
    - target: {fileID: 174282, guid: cb63c34644487b743b07a12ef6039e03, type: 2}
      propertyPath: m_IsActive
      value: 1
      objectReference: {fileID: 0}
    m_RemovedComponents:
    - {fileID: 11485996, guid: cb63c34644487b743b07a12ef6039e03, type: 2}
  m_ParentPrefab: {fileID: 100100000, guid: cb63c34644487b743b07a12ef6039e03, type: 2}
  m_IsPrefabParent: 0
--- !u!1 &1339687326 stripped
GameObject:
  m_PrefabParentObject: {fileID: 174282, guid: cb63c34644487b743b07a12ef6039e03, type: 2}
  m_PrefabInternal: {fileID: 1339687325}
--- !u!114 &1339687327
MonoBehaviour:
  m_ObjectHideFlags: 0
  m_PrefabParentObject: {fileID: 0}
  m_PrefabInternal: {fileID: 0}
  m_GameObject: {fileID: 1339687326}
  m_Enabled: 1
  m_EditorHideFlags: 0
  m_Script: {fileID: 11500000, guid: 26345ff020c0eaa4e85e35784a9b18af, type: 3}
  m_Name: 
  m_EditorClassIdentifier: 
--- !u!1 &1342116468 stripped
GameObject:
  m_PrefabParentObject: {fileID: 174282, guid: cb63c34644487b743b07a12ef6039e03, type: 2}
  m_PrefabInternal: {fileID: 1357096375}
--- !u!114 &1342116469
MonoBehaviour:
  m_ObjectHideFlags: 0
  m_PrefabParentObject: {fileID: 0}
  m_PrefabInternal: {fileID: 0}
  m_GameObject: {fileID: 1342116468}
  m_Enabled: 1
  m_EditorHideFlags: 0
  m_Script: {fileID: 11500000, guid: 26345ff020c0eaa4e85e35784a9b18af, type: 3}
  m_Name: 
  m_EditorClassIdentifier: 
--- !u!1 &1342866165
GameObject:
  m_ObjectHideFlags: 0
  m_PrefabParentObject: {fileID: 0}
  m_PrefabInternal: {fileID: 0}
  serializedVersion: 4
  m_Component:
  - 4: {fileID: 1342866170}
  - 20: {fileID: 1342866169}
  - 92: {fileID: 1342866168}
  - 124: {fileID: 1342866167}
  - 81: {fileID: 1342866166}
  m_Layer: 0
  m_Name: Main Camera
  m_TagString: MainCamera
  m_Icon: {fileID: 0}
  m_NavMeshLayer: 0
  m_StaticEditorFlags: 0
  m_IsActive: 1
--- !u!81 &1342866166
AudioListener:
  m_ObjectHideFlags: 0
  m_PrefabParentObject: {fileID: 0}
  m_PrefabInternal: {fileID: 0}
  m_GameObject: {fileID: 1342866165}
  m_Enabled: 1
--- !u!124 &1342866167
Behaviour:
  m_ObjectHideFlags: 0
  m_PrefabParentObject: {fileID: 0}
  m_PrefabInternal: {fileID: 0}
  m_GameObject: {fileID: 1342866165}
  m_Enabled: 1
--- !u!92 &1342866168
Behaviour:
  m_ObjectHideFlags: 0
  m_PrefabParentObject: {fileID: 0}
  m_PrefabInternal: {fileID: 0}
  m_GameObject: {fileID: 1342866165}
  m_Enabled: 1
--- !u!20 &1342866169
Camera:
  m_ObjectHideFlags: 0
  m_PrefabParentObject: {fileID: 0}
  m_PrefabInternal: {fileID: 0}
  m_GameObject: {fileID: 1342866165}
  m_Enabled: 1
  serializedVersion: 2
  m_ClearFlags: 1
  m_BackGroundColor: {r: 0.12683824, g: 0.20904821, b: 0.33823532, a: 0.019607844}
  m_NormalizedViewPortRect:
    serializedVersion: 2
    x: 0
    y: 0
    width: 1
    height: 1
  near clip plane: 0.3
  far clip plane: 1000
  field of view: 60
  orthographic: 1
  orthographic size: 5
  m_Depth: -1
  m_CullingMask:
    serializedVersion: 2
    m_Bits: 4294967295
  m_RenderingPath: -1
  m_TargetTexture: {fileID: 0}
  m_TargetDisplay: 0
  m_TargetEye: 3
  m_HDR: 0
  m_OcclusionCulling: 1
  m_StereoConvergence: 10
  m_StereoSeparation: 0.022
  m_StereoMirrorMode: 0
--- !u!4 &1342866170
Transform:
  m_ObjectHideFlags: 0
  m_PrefabParentObject: {fileID: 0}
  m_PrefabInternal: {fileID: 0}
  m_GameObject: {fileID: 1342866165}
  m_LocalRotation: {x: 0, y: 0, z: 0, w: 1}
  m_LocalPosition: {x: 0, y: 3.8, z: -10}
  m_LocalScale: {x: 1, y: 1, z: 1}
  m_Children:
  - {fileID: 2127574516}
  - {fileID: 1824853968}
  m_Father: {fileID: 0}
  m_RootOrder: 0
--- !u!1001 &1357096375
Prefab:
  m_ObjectHideFlags: 0
  serializedVersion: 2
  m_Modification:
    m_TransformParent: {fileID: 0}
    m_Modifications:
    - target: {fileID: 487870, guid: cb63c34644487b743b07a12ef6039e03, type: 2}
      propertyPath: m_LocalPosition.x
      value: -7
      objectReference: {fileID: 0}
    - target: {fileID: 487870, guid: cb63c34644487b743b07a12ef6039e03, type: 2}
      propertyPath: m_LocalPosition.y
      value: 4
      objectReference: {fileID: 0}
    - target: {fileID: 487870, guid: cb63c34644487b743b07a12ef6039e03, type: 2}
      propertyPath: m_LocalPosition.z
      value: -1
      objectReference: {fileID: 0}
    - target: {fileID: 487870, guid: cb63c34644487b743b07a12ef6039e03, type: 2}
      propertyPath: m_LocalRotation.x
      value: 0
      objectReference: {fileID: 0}
    - target: {fileID: 487870, guid: cb63c34644487b743b07a12ef6039e03, type: 2}
      propertyPath: m_LocalRotation.y
      value: 0
      objectReference: {fileID: 0}
    - target: {fileID: 487870, guid: cb63c34644487b743b07a12ef6039e03, type: 2}
      propertyPath: m_LocalRotation.z
      value: 0.7071068
      objectReference: {fileID: 0}
    - target: {fileID: 487870, guid: cb63c34644487b743b07a12ef6039e03, type: 2}
      propertyPath: m_LocalRotation.w
      value: 0.7071067
      objectReference: {fileID: 0}
    - target: {fileID: 487870, guid: cb63c34644487b743b07a12ef6039e03, type: 2}
      propertyPath: m_RootOrder
      value: 2
      objectReference: {fileID: 0}
    - target: {fileID: 174282, guid: cb63c34644487b743b07a12ef6039e03, type: 2}
      propertyPath: m_IsActive
      value: 1
      objectReference: {fileID: 0}
    m_RemovedComponents:
    - {fileID: 11485996, guid: cb63c34644487b743b07a12ef6039e03, type: 2}
  m_ParentPrefab: {fileID: 100100000, guid: cb63c34644487b743b07a12ef6039e03, type: 2}
  m_IsPrefabParent: 0
--- !u!1 &1690776745
GameObject:
  m_ObjectHideFlags: 0
  m_PrefabParentObject: {fileID: 155890, guid: 3778b14eeec9de24c95fdc3dfdacc963, type: 2}
  m_PrefabInternal: {fileID: 0}
  serializedVersion: 4
  m_Component:
  - 224: {fileID: 1690776746}
  - 114: {fileID: 1690776747}
  m_Layer: 5
  m_Name: FruitySlider
  m_TagString: Untagged
  m_Icon: {fileID: 0}
  m_NavMeshLayer: 0
  m_StaticEditorFlags: 0
  m_IsActive: 1
--- !u!224 &1690776746
RectTransform:
  m_ObjectHideFlags: 0
  m_PrefabParentObject: {fileID: 22437798, guid: 3778b14eeec9de24c95fdc3dfdacc963,
    type: 2}
  m_PrefabInternal: {fileID: 0}
  m_GameObject: {fileID: 1690776745}
  m_LocalRotation: {x: 0, y: 0, z: 0, w: 1}
  m_LocalPosition: {x: 0, y: 0, z: 0}
  m_LocalScale: {x: 1, y: 1, z: 1}
  m_Children:
  - {fileID: 297441335}
  - {fileID: 601089047}
  - {fileID: 867751439}
  m_Father: {fileID: 1950324084}
  m_RootOrder: 0
  m_AnchorMin: {x: 0, y: 0.5}
  m_AnchorMax: {x: 1, y: 0.5}
  m_AnchoredPosition: {x: 30, y: 0}
  m_SizeDelta: {x: -60, y: 20}
  m_Pivot: {x: 0.5, y: 0.5}
--- !u!114 &1690776747
MonoBehaviour:
  m_ObjectHideFlags: 0
  m_PrefabParentObject: {fileID: 11404928, guid: 3778b14eeec9de24c95fdc3dfdacc963,
    type: 2}
  m_PrefabInternal: {fileID: 0}
  m_GameObject: {fileID: 1690776745}
  m_Enabled: 1
  m_EditorHideFlags: 0
  m_Script: {fileID: -113659843, guid: f5f67c52d1564df4a8936ccd202a3bd8, type: 3}
  m_Name: 
  m_EditorClassIdentifier: 
  m_Navigation:
    m_Mode: 3
    m_SelectOnUp: {fileID: 0}
    m_SelectOnDown: {fileID: 0}
    m_SelectOnLeft: {fileID: 0}
    m_SelectOnRight: {fileID: 0}
  m_Transition: 1
  m_Colors:
    m_NormalColor: {r: 1, g: 1, b: 1, a: 1}
    m_HighlightedColor: {r: 0.9607843, g: 0.9607843, b: 0.9607843, a: 1}
    m_PressedColor: {r: 0.78431374, g: 0.78431374, b: 0.78431374, a: 1}
    m_DisabledColor: {r: 0.78431374, g: 0.78431374, b: 0.78431374, a: 0.5019608}
    m_ColorMultiplier: 1
    m_FadeDuration: 0.1
  m_SpriteState:
    m_HighlightedSprite: {fileID: 0}
    m_PressedSprite: {fileID: 0}
    m_DisabledSprite: {fileID: 0}
  m_AnimationTriggers:
    m_NormalTrigger: Normal
    m_HighlightedTrigger: Highlighted
    m_PressedTrigger: Pressed
    m_DisabledTrigger: Disabled
  m_Interactable: 0
  m_TargetGraphic: {fileID: 889252731}
  m_FillRect: {fileID: 318799112}
  m_HandleRect: {fileID: 889252730}
  m_Direction: 0
  m_MinValue: 0
  m_MaxValue: 10
  m_WholeNumbers: 0
  m_Value: 0
  m_OnValueChanged:
    m_PersistentCalls:
      m_Calls: []
    m_TypeName: UnityEngine.UI.Slider+SliderEvent, UnityEngine.UI, Version=1.0.0.0,
      Culture=neutral, PublicKeyToken=null
--- !u!1 &1727538688
GameObject:
  m_ObjectHideFlags: 0
  m_PrefabParentObject: {fileID: 0}
  m_PrefabInternal: {fileID: 0}
  serializedVersion: 4
  m_Component:
  - 4: {fileID: 1727538693}
  - 33: {fileID: 1727538692}
  - 65: {fileID: 1727538691}
  - 23: {fileID: 1727538690}
  - 114: {fileID: 1727538689}
  m_Layer: 0
  m_Name: Hand
  m_TagString: Untagged
  m_Icon: {fileID: 0}
  m_NavMeshLayer: 0
  m_StaticEditorFlags: 0
  m_IsActive: 1
--- !u!114 &1727538689
MonoBehaviour:
  m_ObjectHideFlags: 0
  m_PrefabParentObject: {fileID: 0}
  m_PrefabInternal: {fileID: 0}
  m_GameObject: {fileID: 1727538688}
  m_Enabled: 1
  m_EditorHideFlags: 0
  m_Script: {fileID: 11500000, guid: a44a9b80b55b4c9479184c2e7feb982a, type: 3}
  m_Name: 
  m_EditorClassIdentifier: 
  player: {fileID: 157881435}
--- !u!23 &1727538690
MeshRenderer:
  m_ObjectHideFlags: 0
  m_PrefabParentObject: {fileID: 0}
  m_PrefabInternal: {fileID: 0}
  m_GameObject: {fileID: 1727538688}
  m_Enabled: 1
  m_CastShadows: 1
  m_ReceiveShadows: 1
  m_Materials:
  - {fileID: 2100000, guid: 14b0980753788224e88e2ec2dfed3bc6, type: 2}
  m_SubsetIndices: 
  m_StaticBatchRoot: {fileID: 0}
  m_UseLightProbes: 1
  m_ReflectionProbeUsage: 1
  m_ProbeAnchor: {fileID: 0}
  m_ScaleInLightmap: 1
  m_PreserveUVs: 1
  m_IgnoreNormalsForChartDetection: 0
  m_ImportantGI: 0
  m_MinimumChartSize: 4
  m_AutoUVMaxDistance: 0.5
  m_AutoUVMaxAngle: 89
  m_LightmapParameters: {fileID: 0}
  m_SortingLayerID: 0
  m_SortingOrder: 0
--- !u!65 &1727538691
BoxCollider:
  m_ObjectHideFlags: 0
  m_PrefabParentObject: {fileID: 0}
  m_PrefabInternal: {fileID: 0}
  m_GameObject: {fileID: 1727538688}
  m_Material: {fileID: 0}
  m_IsTrigger: 0
  m_Enabled: 1
  serializedVersion: 2
  m_Size: {x: 1, y: 1, z: 1}
  m_Center: {x: 0, y: 0, z: 0}
--- !u!33 &1727538692
MeshFilter:
  m_ObjectHideFlags: 0
  m_PrefabParentObject: {fileID: 0}
  m_PrefabInternal: {fileID: 0}
  m_GameObject: {fileID: 1727538688}
  m_Mesh: {fileID: 10202, guid: 0000000000000000e000000000000000, type: 0}
--- !u!4 &1727538693
Transform:
  m_ObjectHideFlags: 0
  m_PrefabParentObject: {fileID: 0}
  m_PrefabInternal: {fileID: 0}
  m_GameObject: {fileID: 1727538688}
  m_LocalRotation: {x: 0, y: 0, z: 0, w: 1}
  m_LocalPosition: {x: 0, y: 9.09, z: 0}
  m_LocalScale: {x: 1, y: 2, z: 8}
  m_Children: []
  m_Father: {fileID: 0}
  m_RootOrder: 9
--- !u!1001 &1775577311
Prefab:
  m_ObjectHideFlags: 0
  serializedVersion: 2
  m_Modification:
    m_TransformParent: {fileID: 0}
    m_Modifications:
    - target: {fileID: 487870, guid: cb63c34644487b743b07a12ef6039e03, type: 2}
      propertyPath: m_LocalPosition.x
      value: 0
      objectReference: {fileID: 0}
    - target: {fileID: 487870, guid: cb63c34644487b743b07a12ef6039e03, type: 2}
      propertyPath: m_LocalPosition.y
      value: -1
      objectReference: {fileID: 0}
    - target: {fileID: 487870, guid: cb63c34644487b743b07a12ef6039e03, type: 2}
      propertyPath: m_LocalPosition.z
      value: -1
      objectReference: {fileID: 0}
    - target: {fileID: 487870, guid: cb63c34644487b743b07a12ef6039e03, type: 2}
      propertyPath: m_LocalRotation.x
      value: 0
      objectReference: {fileID: 0}
    - target: {fileID: 487870, guid: cb63c34644487b743b07a12ef6039e03, type: 2}
      propertyPath: m_LocalRotation.y
      value: 0
      objectReference: {fileID: 0}
    - target: {fileID: 487870, guid: cb63c34644487b743b07a12ef6039e03, type: 2}
      propertyPath: m_LocalRotation.z
      value: 0
      objectReference: {fileID: 0}
    - target: {fileID: 487870, guid: cb63c34644487b743b07a12ef6039e03, type: 2}
      propertyPath: m_LocalRotation.w
      value: 1
      objectReference: {fileID: 0}
    - target: {fileID: 487870, guid: cb63c34644487b743b07a12ef6039e03, type: 2}
      propertyPath: m_RootOrder
      value: 8
      objectReference: {fileID: 0}
    - target: {fileID: 174282, guid: cb63c34644487b743b07a12ef6039e03, type: 2}
      propertyPath: m_Name
      value: Fall off (2)
      objectReference: {fileID: 0}
    - target: {fileID: 174282, guid: cb63c34644487b743b07a12ef6039e03, type: 2}
      propertyPath: m_IsActive
      value: 1
      objectReference: {fileID: 0}
    m_RemovedComponents:
    - {fileID: 11485996, guid: cb63c34644487b743b07a12ef6039e03, type: 2}
  m_ParentPrefab: {fileID: 100100000, guid: cb63c34644487b743b07a12ef6039e03, type: 2}
  m_IsPrefabParent: 0
--- !u!1 &1775577312 stripped
GameObject:
  m_PrefabParentObject: {fileID: 174282, guid: cb63c34644487b743b07a12ef6039e03, type: 2}
  m_PrefabInternal: {fileID: 1775577311}
--- !u!114 &1775577313
MonoBehaviour:
  m_ObjectHideFlags: 0
  m_PrefabParentObject: {fileID: 0}
  m_PrefabInternal: {fileID: 0}
  m_GameObject: {fileID: 1775577312}
  m_Enabled: 1
  m_EditorHideFlags: 0
  m_Script: {fileID: 11500000, guid: 26345ff020c0eaa4e85e35784a9b18af, type: 3}
  m_Name: 
  m_EditorClassIdentifier: 
--- !u!1 &1824853967
GameObject:
  m_ObjectHideFlags: 0
  m_PrefabParentObject: {fileID: 0}
  m_PrefabInternal: {fileID: 0}
  serializedVersion: 4
  m_Component:
  - 224: {fileID: 1824853968}
  - 223: {fileID: 1824853971}
  - 114: {fileID: 1824853970}
  - 114: {fileID: 1824853969}
  m_Layer: 0
  m_Name: Timer
  m_TagString: Untagged
  m_Icon: {fileID: 0}
  m_NavMeshLayer: 0
  m_StaticEditorFlags: 0
  m_IsActive: 1
--- !u!224 &1824853968
RectTransform:
  m_ObjectHideFlags: 0
  m_PrefabParentObject: {fileID: 0}
  m_PrefabInternal: {fileID: 0}
  m_GameObject: {fileID: 1824853967}
  m_LocalRotation: {x: 0, y: 0, z: 0, w: 1}
  m_LocalPosition: {x: 0, y: 0, z: 0}
  m_LocalScale: {x: 0, y: 0, z: 0}
  m_Children:
  - {fileID: 772063492}
  m_Father: {fileID: 1342866170}
  m_RootOrder: 1
  m_AnchorMin: {x: 0, y: 0}
  m_AnchorMax: {x: 0, y: 0}
  m_AnchoredPosition: {x: 0, y: 0}
  m_SizeDelta: {x: 0, y: 0}
  m_Pivot: {x: 0, y: 0}
--- !u!114 &1824853969
MonoBehaviour:
  m_ObjectHideFlags: 0
  m_PrefabParentObject: {fileID: 0}
  m_PrefabInternal: {fileID: 0}
  m_GameObject: {fileID: 1824853967}
  m_Enabled: 1
  m_EditorHideFlags: 0
  m_Script: {fileID: 1301386320, guid: f5f67c52d1564df4a8936ccd202a3bd8, type: 3}
  m_Name: 
  m_EditorClassIdentifier: 
  m_IgnoreReversedGraphics: 1
  m_BlockingObjects: 0
  m_BlockingMask:
    serializedVersion: 2
    m_Bits: 4294967295
--- !u!114 &1824853970
MonoBehaviour:
  m_ObjectHideFlags: 0
  m_PrefabParentObject: {fileID: 0}
  m_PrefabInternal: {fileID: 0}
  m_GameObject: {fileID: 1824853967}
  m_Enabled: 1
  m_EditorHideFlags: 0
  m_Script: {fileID: 1980459831, guid: f5f67c52d1564df4a8936ccd202a3bd8, type: 3}
  m_Name: 
  m_EditorClassIdentifier: 
  m_UiScaleMode: 0
  m_ReferencePixelsPerUnit: 100
  m_ScaleFactor: 1
  m_ReferenceResolution: {x: 800, y: 600}
  m_ScreenMatchMode: 0
  m_MatchWidthOrHeight: 0
  m_PhysicalUnit: 3
  m_FallbackScreenDPI: 96
  m_DefaultSpriteDPI: 96
  m_DynamicPixelsPerUnit: 1
--- !u!223 &1824853971
Canvas:
  m_ObjectHideFlags: 0
  m_PrefabParentObject: {fileID: 0}
  m_PrefabInternal: {fileID: 0}
  m_GameObject: {fileID: 1824853967}
  m_Enabled: 1
  serializedVersion: 2
  m_RenderMode: 0
  m_Camera: {fileID: 0}
  m_PlaneDistance: 100
  m_PixelPerfect: 0
  m_ReceivesEvents: 1
  m_OverrideSorting: 0
  m_OverridePixelPerfect: 0
  m_SortingLayerID: 0
  m_SortingOrder: 0
  m_TargetDisplay: 0
--- !u!1001 &1881440489
Prefab:
  m_ObjectHideFlags: 0
  serializedVersion: 2
  m_Modification:
    m_TransformParent: {fileID: 0}
    m_Modifications:
    - target: {fileID: 460158, guid: eab90879127c40b4ea7f982893fa4667, type: 2}
      propertyPath: m_LocalPosition.x
      value: 0
      objectReference: {fileID: 0}
    - target: {fileID: 460158, guid: eab90879127c40b4ea7f982893fa4667, type: 2}
      propertyPath: m_LocalPosition.y
      value: 9
      objectReference: {fileID: 0}
    - target: {fileID: 460158, guid: eab90879127c40b4ea7f982893fa4667, type: 2}
      propertyPath: m_LocalPosition.z
      value: -1
      objectReference: {fileID: 0}
    - target: {fileID: 460158, guid: eab90879127c40b4ea7f982893fa4667, type: 2}
      propertyPath: m_LocalRotation.x
      value: 0
      objectReference: {fileID: 0}
    - target: {fileID: 460158, guid: eab90879127c40b4ea7f982893fa4667, type: 2}
      propertyPath: m_LocalRotation.y
      value: 0
      objectReference: {fileID: 0}
    - target: {fileID: 460158, guid: eab90879127c40b4ea7f982893fa4667, type: 2}
      propertyPath: m_LocalRotation.z
      value: 0
      objectReference: {fileID: 0}
    - target: {fileID: 460158, guid: eab90879127c40b4ea7f982893fa4667, type: 2}
      propertyPath: m_LocalRotation.w
      value: 1
      objectReference: {fileID: 0}
    - target: {fileID: 460158, guid: eab90879127c40b4ea7f982893fa4667, type: 2}
      propertyPath: m_RootOrder
      value: 4
      objectReference: {fileID: 0}
    - target: {fileID: 11413030, guid: eab90879127c40b4ea7f982893fa4667, type: 2}
      propertyPath: scoreScreen
      value: 
      objectReference: {fileID: 884014061}
    - target: {fileID: 160294, guid: eab90879127c40b4ea7f982893fa4667, type: 2}
      propertyPath: m_IsActive
      value: 1
      objectReference: {fileID: 0}
    m_RemovedComponents: []
  m_ParentPrefab: {fileID: 100100000, guid: eab90879127c40b4ea7f982893fa4667, type: 2}
  m_IsPrefabParent: 0
--- !u!1001 &1909642018
Prefab:
  m_ObjectHideFlags: 0
  serializedVersion: 2
  m_Modification:
    m_TransformParent: {fileID: 0}
    m_Modifications:
    - target: {fileID: 452052, guid: 78235fb653e43e441bd44f0d594df69a, type: 2}
      propertyPath: m_LocalPosition.x
      value: 0
      objectReference: {fileID: 0}
    - target: {fileID: 452052, guid: 78235fb653e43e441bd44f0d594df69a, type: 2}
      propertyPath: m_LocalPosition.y
      value: 0
      objectReference: {fileID: 0}
    - target: {fileID: 452052, guid: 78235fb653e43e441bd44f0d594df69a, type: 2}
      propertyPath: m_LocalPosition.z
      value: 0
      objectReference: {fileID: 0}
    - target: {fileID: 452052, guid: 78235fb653e43e441bd44f0d594df69a, type: 2}
      propertyPath: m_LocalRotation.x
      value: 0
      objectReference: {fileID: 0}
    - target: {fileID: 452052, guid: 78235fb653e43e441bd44f0d594df69a, type: 2}
      propertyPath: m_LocalRotation.y
      value: 0
      objectReference: {fileID: 0}
    - target: {fileID: 452052, guid: 78235fb653e43e441bd44f0d594df69a, type: 2}
      propertyPath: m_LocalRotation.z
      value: 0
      objectReference: {fileID: 0}
    - target: {fileID: 452052, guid: 78235fb653e43e441bd44f0d594df69a, type: 2}
      propertyPath: m_LocalRotation.w
      value: 1
      objectReference: {fileID: 0}
    - target: {fileID: 452052, guid: 78235fb653e43e441bd44f0d594df69a, type: 2}
      propertyPath: m_RootOrder
      value: 7
      objectReference: {fileID: 0}
    - target: {fileID: 11411932, guid: 78235fb653e43e441bd44f0d594df69a, type: 2}
      propertyPath: type
      value: 1
      objectReference: {fileID: 0}
    - target: {fileID: 155120, guid: 78235fb653e43e441bd44f0d594df69a, type: 2}
      propertyPath: m_IsActive
      value: 1
      objectReference: {fileID: 0}
    m_RemovedComponents: []
  m_ParentPrefab: {fileID: 100100000, guid: 78235fb653e43e441bd44f0d594df69a, type: 2}
  m_IsPrefabParent: 0
--- !u!1 &1950324083
GameObject:
  m_ObjectHideFlags: 0
  m_PrefabParentObject: {fileID: 112684, guid: 3778b14eeec9de24c95fdc3dfdacc963, type: 2}
  m_PrefabInternal: {fileID: 0}
  serializedVersion: 4
  m_Component:
  - 224: {fileID: 1950324084}
  m_Layer: 5
  m_Name: FruityPanel
  m_TagString: Untagged
  m_Icon: {fileID: 0}
  m_NavMeshLayer: 0
  m_StaticEditorFlags: 0
  m_IsActive: 1
--- !u!224 &1950324084
RectTransform:
  m_ObjectHideFlags: 0
  m_PrefabParentObject: {fileID: 22414386, guid: 3778b14eeec9de24c95fdc3dfdacc963,
    type: 2}
  m_PrefabInternal: {fileID: 0}
  m_GameObject: {fileID: 1950324083}
  m_LocalRotation: {x: 0, y: 0, z: 0, w: 1}
  m_LocalPosition: {x: 0, y: 0, z: 0}
  m_LocalScale: {x: 0, y: 0, z: 0}
  m_Children:
  - {fileID: 1690776746}
  - {fileID: 694366218}
  m_Father: {fileID: 884014060}
  m_RootOrder: 10
  m_AnchorMin: {x: 0.5, y: 0.5}
  m_AnchorMax: {x: 0.5, y: 0.5}
  m_AnchoredPosition: {x: 12, y: -23}
  m_SizeDelta: {x: 285, y: 47}
  m_Pivot: {x: 0.5, y: 0.5}
--- !u!1001 &2127574515
Prefab:
  m_ObjectHideFlags: 0
  serializedVersion: 2
  m_Modification:
    m_TransformParent: {fileID: 1342866170}
    m_Modifications:
    - target: {fileID: 11461342, guid: 3778b14eeec9de24c95fdc3dfdacc963, type: 2}
      propertyPath: sliders.Array.size
      value: 10
      objectReference: {fileID: 0}
    - target: {fileID: 22457278, guid: 3778b14eeec9de24c95fdc3dfdacc963, type: 2}
      propertyPath: m_LocalPosition.x
      value: 0
      objectReference: {fileID: 0}
    - target: {fileID: 22457278, guid: 3778b14eeec9de24c95fdc3dfdacc963, type: 2}
      propertyPath: m_LocalPosition.y
      value: 0
      objectReference: {fileID: 0}
    - target: {fileID: 22457278, guid: 3778b14eeec9de24c95fdc3dfdacc963, type: 2}
      propertyPath: m_LocalPosition.z
      value: 0
      objectReference: {fileID: 0}
    - target: {fileID: 22457278, guid: 3778b14eeec9de24c95fdc3dfdacc963, type: 2}
      propertyPath: m_LocalRotation.x
      value: 0
      objectReference: {fileID: 0}
    - target: {fileID: 22457278, guid: 3778b14eeec9de24c95fdc3dfdacc963, type: 2}
      propertyPath: m_LocalRotation.y
      value: 0
      objectReference: {fileID: 0}
    - target: {fileID: 22457278, guid: 3778b14eeec9de24c95fdc3dfdacc963, type: 2}
      propertyPath: m_LocalRotation.z
      value: 0
      objectReference: {fileID: 0}
    - target: {fileID: 22457278, guid: 3778b14eeec9de24c95fdc3dfdacc963, type: 2}
      propertyPath: m_LocalRotation.w
      value: 1
      objectReference: {fileID: 0}
    - target: {fileID: 22457278, guid: 3778b14eeec9de24c95fdc3dfdacc963, type: 2}
      propertyPath: m_RootOrder
      value: 0
      objectReference: {fileID: 0}
    - target: {fileID: 22457278, guid: 3778b14eeec9de24c95fdc3dfdacc963, type: 2}
      propertyPath: m_AnchoredPosition.x
      value: 0
      objectReference: {fileID: 0}
    - target: {fileID: 22457278, guid: 3778b14eeec9de24c95fdc3dfdacc963, type: 2}
      propertyPath: m_AnchoredPosition.y
      value: 0
      objectReference: {fileID: 0}
    - target: {fileID: 22457278, guid: 3778b14eeec9de24c95fdc3dfdacc963, type: 2}
      propertyPath: m_SizeDelta.x
      value: 0
      objectReference: {fileID: 0}
    - target: {fileID: 22457278, guid: 3778b14eeec9de24c95fdc3dfdacc963, type: 2}
      propertyPath: m_SizeDelta.y
      value: 0
      objectReference: {fileID: 0}
    - target: {fileID: 22457278, guid: 3778b14eeec9de24c95fdc3dfdacc963, type: 2}
      propertyPath: m_AnchorMin.x
      value: 0
      objectReference: {fileID: 0}
    - target: {fileID: 22457278, guid: 3778b14eeec9de24c95fdc3dfdacc963, type: 2}
      propertyPath: m_AnchorMin.y
      value: 0
      objectReference: {fileID: 0}
    - target: {fileID: 22457278, guid: 3778b14eeec9de24c95fdc3dfdacc963, type: 2}
      propertyPath: m_AnchorMax.x
      value: 0
      objectReference: {fileID: 0}
    - target: {fileID: 22457278, guid: 3778b14eeec9de24c95fdc3dfdacc963, type: 2}
      propertyPath: m_AnchorMax.y
      value: 0
      objectReference: {fileID: 0}
    - target: {fileID: 22457278, guid: 3778b14eeec9de24c95fdc3dfdacc963, type: 2}
      propertyPath: m_Pivot.x
      value: 0
      objectReference: {fileID: 0}
    - target: {fileID: 22457278, guid: 3778b14eeec9de24c95fdc3dfdacc963, type: 2}
      propertyPath: m_Pivot.y
      value: 0
      objectReference: {fileID: 0}
    - target: {fileID: 141238, guid: 3778b14eeec9de24c95fdc3dfdacc963, type: 2}
      propertyPath: m_IsActive
      value: 0
      objectReference: {fileID: 0}
    - target: {fileID: 22458188, guid: 3778b14eeec9de24c95fdc3dfdacc963, type: 2}
      propertyPath: m_AnchorMax.y
      value: 1
      objectReference: {fileID: 0}
    - target: {fileID: 22478278, guid: 3778b14eeec9de24c95fdc3dfdacc963, type: 2}
      propertyPath: m_AnchorMax.y
      value: 1
      objectReference: {fileID: 0}
    - target: {fileID: 22417034, guid: 3778b14eeec9de24c95fdc3dfdacc963, type: 2}
      propertyPath: m_AnchorMax.y
      value: 1
      objectReference: {fileID: 0}
    - target: {fileID: 22406626, guid: 3778b14eeec9de24c95fdc3dfdacc963, type: 2}
      propertyPath: m_AnchorMax.y
      value: 1
      objectReference: {fileID: 0}
    - target: {fileID: 22430100, guid: 3778b14eeec9de24c95fdc3dfdacc963, type: 2}
      propertyPath: m_AnchorMax.y
      value: 1
      objectReference: {fileID: 0}
    - target: {fileID: 22428118, guid: 3778b14eeec9de24c95fdc3dfdacc963, type: 2}
      propertyPath: m_AnchorMax.y
      value: 1
      objectReference: {fileID: 0}
    - target: {fileID: 22498756, guid: 3778b14eeec9de24c95fdc3dfdacc963, type: 2}
      propertyPath: m_AnchorMax.y
      value: 1
      objectReference: {fileID: 0}
    - target: {fileID: 22433618, guid: 3778b14eeec9de24c95fdc3dfdacc963, type: 2}
      propertyPath: m_AnchorMax.y
      value: 1
      objectReference: {fileID: 0}
    - target: {fileID: 22489346, guid: 3778b14eeec9de24c95fdc3dfdacc963, type: 2}
      propertyPath: m_AnchorMax.y
      value: 1
      objectReference: {fileID: 0}
    - target: {fileID: 22469710, guid: 3778b14eeec9de24c95fdc3dfdacc963, type: 2}
      propertyPath: m_AnchorMax.y
      value: 1
      objectReference: {fileID: 0}
    - target: {fileID: 22457626, guid: 3778b14eeec9de24c95fdc3dfdacc963, type: 2}
      propertyPath: m_AnchorMax.y
      value: 1
      objectReference: {fileID: 0}
    - target: {fileID: 22454320, guid: 3778b14eeec9de24c95fdc3dfdacc963, type: 2}
      propertyPath: m_AnchorMax.y
      value: 1
      objectReference: {fileID: 0}
    - target: {fileID: 22475938, guid: 3778b14eeec9de24c95fdc3dfdacc963, type: 2}
      propertyPath: m_AnchorMax.y
      value: 1
      objectReference: {fileID: 0}
    - target: {fileID: 22462404, guid: 3778b14eeec9de24c95fdc3dfdacc963, type: 2}
      propertyPath: m_AnchorMax.y
      value: 1
      objectReference: {fileID: 0}
    - target: {fileID: 22429600, guid: 3778b14eeec9de24c95fdc3dfdacc963, type: 2}
      propertyPath: m_AnchorMax.y
      value: 1
      objectReference: {fileID: 0}
    - target: {fileID: 22459778, guid: 3778b14eeec9de24c95fdc3dfdacc963, type: 2}
      propertyPath: m_AnchorMax.y
      value: 1
      objectReference: {fileID: 0}
    - target: {fileID: 22445178, guid: 3778b14eeec9de24c95fdc3dfdacc963, type: 2}
      propertyPath: m_AnchorMax.y
      value: 1
      objectReference: {fileID: 0}
    - target: {fileID: 22481190, guid: 3778b14eeec9de24c95fdc3dfdacc963, type: 2}
      propertyPath: m_AnchorMax.y
      value: 1
      objectReference: {fileID: 0}
    - target: {fileID: 141238, guid: 3778b14eeec9de24c95fdc3dfdacc963, type: 2}
      propertyPath: m_Name
      value: Canvas
      objectReference: {fileID: 0}
    - target: {fileID: 11461342, guid: 3778b14eeec9de24c95fdc3dfdacc963, type: 2}
      propertyPath: sliders.Array.data[8].name
      value: Horrible
      objectReference: {fileID: 0}
    - target: {fileID: 11461342, guid: 3778b14eeec9de24c95fdc3dfdacc963, type: 2}
      propertyPath: sliders.Array.data[1].name
      value: Clean
      objectReference: {fileID: 0}
    - target: {fileID: 151406, guid: 3778b14eeec9de24c95fdc3dfdacc963, type: 2}
      propertyPath: m_Name
      value: CleanPanel
      objectReference: {fileID: 0}
    - target: {fileID: 194356, guid: 3778b14eeec9de24c95fdc3dfdacc963, type: 2}
      propertyPath: m_Name
      value: CleanSlider
      objectReference: {fileID: 0}
    - target: {fileID: 130624, guid: 3778b14eeec9de24c95fdc3dfdacc963, type: 2}
      propertyPath: m_Name
      value: CleanText
      objectReference: {fileID: 0}
    - target: {fileID: 11422876, guid: 3778b14eeec9de24c95fdc3dfdacc963, type: 2}
      propertyPath: m_Text
      value: Clean
      objectReference: {fileID: 0}
    - target: {fileID: 11461342, guid: 3778b14eeec9de24c95fdc3dfdacc963, type: 2}
      propertyPath: sliders.Array.data[9].name
      value: Fruity
      objectReference: {fileID: 0}
    - target: {fileID: 11461342, guid: 3778b14eeec9de24c95fdc3dfdacc963, type: 2}
      propertyPath: sliders.Array.data[9].slider
      value: 
      objectReference: {fileID: 1690776747}
    - target: {fileID: 11461342, guid: 3778b14eeec9de24c95fdc3dfdacc963, type: 2}
      propertyPath: Title
      value: 
      objectReference: {fileID: 1133004037}
    - target: {fileID: 22482354, guid: 3778b14eeec9de24c95fdc3dfdacc963, type: 2}
      propertyPath: m_AnchorMin.x
      value: 0
      objectReference: {fileID: 0}
    - target: {fileID: 22482354, guid: 3778b14eeec9de24c95fdc3dfdacc963, type: 2}
      propertyPath: m_AnchorMax.x
      value: 1
      objectReference: {fileID: 0}
    - target: {fileID: 22482354, guid: 3778b14eeec9de24c95fdc3dfdacc963, type: 2}
      propertyPath: m_SizeDelta.x
      value: 0
      objectReference: {fileID: 0}
    - target: {fileID: 22482354, guid: 3778b14eeec9de24c95fdc3dfdacc963, type: 2}
      propertyPath: m_AnchoredPosition.y
      value: -5
      objectReference: {fileID: 0}
    - target: {fileID: 22482354, guid: 3778b14eeec9de24c95fdc3dfdacc963, type: 2}
      propertyPath: m_SizeDelta.y
      value: 60
      objectReference: {fileID: 0}
    - target: {fileID: 22411808, guid: 3778b14eeec9de24c95fdc3dfdacc963, type: 2}
      propertyPath: m_RootOrder
      value: 1
      objectReference: {fileID: 0}
    - target: {fileID: 11497412, guid: 3778b14eeec9de24c95fdc3dfdacc963, type: 2}
      propertyPath: m_Enabled
      value: 0
      objectReference: {fileID: 0}
    - target: {fileID: 22406044, guid: 3778b14eeec9de24c95fdc3dfdacc963, type: 2}
      propertyPath: m_AnchoredPosition.y
      value: -21
      objectReference: {fileID: 0}
    - target: {fileID: 22421510, guid: 3778b14eeec9de24c95fdc3dfdacc963, type: 2}
      propertyPath: m_AnchoredPosition.y
      value: 75
      objectReference: {fileID: 0}
    - target: {fileID: 22461490, guid: 3778b14eeec9de24c95fdc3dfdacc963, type: 2}
      propertyPath: m_AnchoredPosition.y
      value: -2
      objectReference: {fileID: 0}
    - target: {fileID: 22466190, guid: 3778b14eeec9de24c95fdc3dfdacc963, type: 2}
      propertyPath: m_AnchoredPosition.y
      value: 56
      objectReference: {fileID: 0}
    - target: {fileID: 22409328, guid: 3778b14eeec9de24c95fdc3dfdacc963, type: 2}
      propertyPath: m_AnchoredPosition.y
      value: 18
      objectReference: {fileID: 0}
    - target: {fileID: 22414386, guid: 3778b14eeec9de24c95fdc3dfdacc963, type: 2}
      propertyPath: m_AnchoredPosition.y
      value: 37
      objectReference: {fileID: 0}
    - target: {fileID: 22406044, guid: 3778b14eeec9de24c95fdc3dfdacc963, type: 2}
      propertyPath: m_AnchoredPosition.x
      value: 12
      objectReference: {fileID: 0}
    - target: {fileID: 22406044, guid: 3778b14eeec9de24c95fdc3dfdacc963, type: 2}
      propertyPath: m_SizeDelta.x
      value: 285
      objectReference: {fileID: 0}
    - target: {fileID: 22406044, guid: 3778b14eeec9de24c95fdc3dfdacc963, type: 2}
      propertyPath: m_SizeDelta.y
      value: 47
      objectReference: {fileID: 0}
    - target: {fileID: 22458118, guid: 3778b14eeec9de24c95fdc3dfdacc963, type: 2}
      propertyPath: m_AnchoredPosition.x
      value: 12
      objectReference: {fileID: 0}
    - target: {fileID: 22458118, guid: 3778b14eeec9de24c95fdc3dfdacc963, type: 2}
      propertyPath: m_AnchoredPosition.y
      value: -40
      objectReference: {fileID: 0}
    - target: {fileID: 22458118, guid: 3778b14eeec9de24c95fdc3dfdacc963, type: 2}
      propertyPath: m_SizeDelta.x
      value: 285
      objectReference: {fileID: 0}
    - target: {fileID: 22458118, guid: 3778b14eeec9de24c95fdc3dfdacc963, type: 2}
      propertyPath: m_SizeDelta.y
      value: 47
      objectReference: {fileID: 0}
    - target: {fileID: 22421510, guid: 3778b14eeec9de24c95fdc3dfdacc963, type: 2}
      propertyPath: m_AnchoredPosition.x
      value: 12
      objectReference: {fileID: 0}
    - target: {fileID: 22421510, guid: 3778b14eeec9de24c95fdc3dfdacc963, type: 2}
      propertyPath: m_SizeDelta.x
      value: 285
      objectReference: {fileID: 0}
    - target: {fileID: 22421510, guid: 3778b14eeec9de24c95fdc3dfdacc963, type: 2}
      propertyPath: m_SizeDelta.y
      value: 47
      objectReference: {fileID: 0}
    - target: {fileID: 22461490, guid: 3778b14eeec9de24c95fdc3dfdacc963, type: 2}
      propertyPath: m_AnchoredPosition.x
      value: 12
      objectReference: {fileID: 0}
    - target: {fileID: 22461490, guid: 3778b14eeec9de24c95fdc3dfdacc963, type: 2}
      propertyPath: m_SizeDelta.x
      value: 285
      objectReference: {fileID: 0}
    - target: {fileID: 22461490, guid: 3778b14eeec9de24c95fdc3dfdacc963, type: 2}
      propertyPath: m_SizeDelta.y
      value: 47
      objectReference: {fileID: 0}
    - target: {fileID: 22466190, guid: 3778b14eeec9de24c95fdc3dfdacc963, type: 2}
      propertyPath: m_AnchoredPosition.x
      value: 12
      objectReference: {fileID: 0}
    - target: {fileID: 22466190, guid: 3778b14eeec9de24c95fdc3dfdacc963, type: 2}
      propertyPath: m_SizeDelta.x
      value: 285
      objectReference: {fileID: 0}
    - target: {fileID: 22466190, guid: 3778b14eeec9de24c95fdc3dfdacc963, type: 2}
      propertyPath: m_SizeDelta.y
      value: 47
      objectReference: {fileID: 0}
    - target: {fileID: 22488532, guid: 3778b14eeec9de24c95fdc3dfdacc963, type: 2}
      propertyPath: m_AnchoredPosition.x
      value: 12
      objectReference: {fileID: 0}
    - target: {fileID: 22488532, guid: 3778b14eeec9de24c95fdc3dfdacc963, type: 2}
      propertyPath: m_SizeDelta.x
      value: 285
      objectReference: {fileID: 0}
    - target: {fileID: 22488532, guid: 3778b14eeec9de24c95fdc3dfdacc963, type: 2}
      propertyPath: m_SizeDelta.y
      value: 47
      objectReference: {fileID: 0}
    - target: {fileID: 22428362, guid: 3778b14eeec9de24c95fdc3dfdacc963, type: 2}
      propertyPath: m_AnchoredPosition.x
      value: 12
      objectReference: {fileID: 0}
    - target: {fileID: 22428362, guid: 3778b14eeec9de24c95fdc3dfdacc963, type: 2}
      propertyPath: m_AnchoredPosition.y
      value: -59
      objectReference: {fileID: 0}
    - target: {fileID: 22428362, guid: 3778b14eeec9de24c95fdc3dfdacc963, type: 2}
      propertyPath: m_SizeDelta.x
      value: 285
      objectReference: {fileID: 0}
    - target: {fileID: 22428362, guid: 3778b14eeec9de24c95fdc3dfdacc963, type: 2}
      propertyPath: m_SizeDelta.y
      value: 47
      objectReference: {fileID: 0}
    - target: {fileID: 22409328, guid: 3778b14eeec9de24c95fdc3dfdacc963, type: 2}
      propertyPath: m_AnchoredPosition.x
      value: 12
      objectReference: {fileID: 0}
    - target: {fileID: 22409328, guid: 3778b14eeec9de24c95fdc3dfdacc963, type: 2}
      propertyPath: m_SizeDelta.x
      value: 285
      objectReference: {fileID: 0}
    - target: {fileID: 22409328, guid: 3778b14eeec9de24c95fdc3dfdacc963, type: 2}
      propertyPath: m_SizeDelta.y
      value: 47
      objectReference: {fileID: 0}
    - target: {fileID: 22414386, guid: 3778b14eeec9de24c95fdc3dfdacc963, type: 2}
      propertyPath: m_AnchoredPosition.x
      value: 12
      objectReference: {fileID: 0}
    - target: {fileID: 22414386, guid: 3778b14eeec9de24c95fdc3dfdacc963, type: 2}
      propertyPath: m_SizeDelta.x
      value: 285
      objectReference: {fileID: 0}
    - target: {fileID: 22414386, guid: 3778b14eeec9de24c95fdc3dfdacc963, type: 2}
      propertyPath: m_SizeDelta.y
      value: 47
      objectReference: {fileID: 0}
    - target: {fileID: 22488532, guid: 3778b14eeec9de24c95fdc3dfdacc963, type: 2}
      propertyPath: m_AnchoredPosition.y
      value: -78
      objectReference: {fileID: 0}
    - target: {fileID: 122644, guid: 3778b14eeec9de24c95fdc3dfdacc963, type: 2}
      propertyPath: m_Layer
      value: 5
      objectReference: {fileID: 0}
    - target: {fileID: 158784, guid: 3778b14eeec9de24c95fdc3dfdacc963, type: 2}
      propertyPath: m_Layer
      value: 5
      objectReference: {fileID: 0}
    - target: {fileID: 166650, guid: 3778b14eeec9de24c95fdc3dfdacc963, type: 2}
      propertyPath: m_Layer
      value: 5
      objectReference: {fileID: 0}
    - target: {fileID: 155890, guid: 3778b14eeec9de24c95fdc3dfdacc963, type: 2}
      propertyPath: m_Layer
      value: 5
      objectReference: {fileID: 0}
    - target: {fileID: 189610, guid: 3778b14eeec9de24c95fdc3dfdacc963, type: 2}
      propertyPath: m_Layer
      value: 5
      objectReference: {fileID: 0}
    - target: {fileID: 175700, guid: 3778b14eeec9de24c95fdc3dfdacc963, type: 2}
      propertyPath: m_Layer
      value: 5
      objectReference: {fileID: 0}
    - target: {fileID: 148184, guid: 3778b14eeec9de24c95fdc3dfdacc963, type: 2}
      propertyPath: m_Layer
      value: 5
      objectReference: {fileID: 0}
    - target: {fileID: 115142, guid: 3778b14eeec9de24c95fdc3dfdacc963, type: 2}
      propertyPath: m_Layer
      value: 5
      objectReference: {fileID: 0}
    - target: {fileID: 141430, guid: 3778b14eeec9de24c95fdc3dfdacc963, type: 2}
      propertyPath: m_Layer
      value: 5
      objectReference: {fileID: 0}
    - target: {fileID: 121314, guid: 3778b14eeec9de24c95fdc3dfdacc963, type: 2}
      propertyPath: m_Layer
      value: 5
      objectReference: {fileID: 0}
    - target: {fileID: 147212, guid: 3778b14eeec9de24c95fdc3dfdacc963, type: 2}
      propertyPath: m_Layer
      value: 5
      objectReference: {fileID: 0}
    - target: {fileID: 103992, guid: 3778b14eeec9de24c95fdc3dfdacc963, type: 2}
      propertyPath: m_Layer
      value: 5
      objectReference: {fileID: 0}
    - target: {fileID: 175266, guid: 3778b14eeec9de24c95fdc3dfdacc963, type: 2}
      propertyPath: m_Layer
      value: 5
      objectReference: {fileID: 0}
    - target: {fileID: 124406, guid: 3778b14eeec9de24c95fdc3dfdacc963, type: 2}
      propertyPath: m_Layer
      value: 5
      objectReference: {fileID: 0}
    - target: {fileID: 199620, guid: 3778b14eeec9de24c95fdc3dfdacc963, type: 2}
      propertyPath: m_Layer
      value: 5
      objectReference: {fileID: 0}
    - target: {fileID: 199254, guid: 3778b14eeec9de24c95fdc3dfdacc963, type: 2}
      propertyPath: m_Layer
      value: 5
      objectReference: {fileID: 0}
    - target: {fileID: 187348, guid: 3778b14eeec9de24c95fdc3dfdacc963, type: 2}
      propertyPath: m_Layer
      value: 5
      objectReference: {fileID: 0}
    - target: {fileID: 196836, guid: 3778b14eeec9de24c95fdc3dfdacc963, type: 2}
      propertyPath: m_Layer
      value: 5
      objectReference: {fileID: 0}
    - target: {fileID: 157410, guid: 3778b14eeec9de24c95fdc3dfdacc963, type: 2}
      propertyPath: m_Layer
      value: 5
      objectReference: {fileID: 0}
    - target: {fileID: 138340, guid: 3778b14eeec9de24c95fdc3dfdacc963, type: 2}
      propertyPath: m_Layer
      value: 5
      objectReference: {fileID: 0}
    - target: {fileID: 101592, guid: 3778b14eeec9de24c95fdc3dfdacc963, type: 2}
      propertyPath: m_Layer
      value: 5
      objectReference: {fileID: 0}
    - target: {fileID: 176188, guid: 3778b14eeec9de24c95fdc3dfdacc963, type: 2}
      propertyPath: m_Layer
      value: 5
      objectReference: {fileID: 0}
    - target: {fileID: 133156, guid: 3778b14eeec9de24c95fdc3dfdacc963, type: 2}
      propertyPath: m_Layer
      value: 5
      objectReference: {fileID: 0}
    - target: {fileID: 189898, guid: 3778b14eeec9de24c95fdc3dfdacc963, type: 2}
      propertyPath: m_Layer
      value: 5
      objectReference: {fileID: 0}
    - target: {fileID: 130624, guid: 3778b14eeec9de24c95fdc3dfdacc963, type: 2}
      propertyPath: m_Layer
      value: 5
      objectReference: {fileID: 0}
    - target: {fileID: 151406, guid: 3778b14eeec9de24c95fdc3dfdacc963, type: 2}
      propertyPath: m_Layer
      value: 5
      objectReference: {fileID: 0}
    - target: {fileID: 127362, guid: 3778b14eeec9de24c95fdc3dfdacc963, type: 2}
      propertyPath: m_Layer
      value: 5
      objectReference: {fileID: 0}
    - target: {fileID: 134712, guid: 3778b14eeec9de24c95fdc3dfdacc963, type: 2}
      propertyPath: m_Layer
      value: 5
      objectReference: {fileID: 0}
    - target: {fileID: 161732, guid: 3778b14eeec9de24c95fdc3dfdacc963, type: 2}
      propertyPath: m_Layer
      value: 5
      objectReference: {fileID: 0}
    - target: {fileID: 100712, guid: 3778b14eeec9de24c95fdc3dfdacc963, type: 2}
      propertyPath: m_Layer
      value: 5
      objectReference: {fileID: 0}
    - target: {fileID: 197230, guid: 3778b14eeec9de24c95fdc3dfdacc963, type: 2}
      propertyPath: m_Layer
      value: 5
      objectReference: {fileID: 0}
    - target: {fileID: 156548, guid: 3778b14eeec9de24c95fdc3dfdacc963, type: 2}
      propertyPath: m_Layer
      value: 5
      objectReference: {fileID: 0}
    - target: {fileID: 162080, guid: 3778b14eeec9de24c95fdc3dfdacc963, type: 2}
      propertyPath: m_Layer
      value: 5
      objectReference: {fileID: 0}
    - target: {fileID: 110328, guid: 3778b14eeec9de24c95fdc3dfdacc963, type: 2}
      propertyPath: m_Layer
      value: 5
      objectReference: {fileID: 0}
    - target: {fileID: 104784, guid: 3778b14eeec9de24c95fdc3dfdacc963, type: 2}
      propertyPath: m_Layer
      value: 5
      objectReference: {fileID: 0}
    - target: {fileID: 153306, guid: 3778b14eeec9de24c95fdc3dfdacc963, type: 2}
      propertyPath: m_Layer
      value: 5
      objectReference: {fileID: 0}
    - target: {fileID: 112542, guid: 3778b14eeec9de24c95fdc3dfdacc963, type: 2}
      propertyPath: m_Layer
      value: 5
      objectReference: {fileID: 0}
    - target: {fileID: 138884, guid: 3778b14eeec9de24c95fdc3dfdacc963, type: 2}
      propertyPath: m_Layer
      value: 5
      objectReference: {fileID: 0}
    - target: {fileID: 195584, guid: 3778b14eeec9de24c95fdc3dfdacc963, type: 2}
      propertyPath: m_Layer
      value: 5
      objectReference: {fileID: 0}
    - target: {fileID: 171930, guid: 3778b14eeec9de24c95fdc3dfdacc963, type: 2}
      propertyPath: m_Layer
      value: 5
      objectReference: {fileID: 0}
    - target: {fileID: 163546, guid: 3778b14eeec9de24c95fdc3dfdacc963, type: 2}
      propertyPath: m_Layer
      value: 5
      objectReference: {fileID: 0}
    - target: {fileID: 135328, guid: 3778b14eeec9de24c95fdc3dfdacc963, type: 2}
      propertyPath: m_Layer
      value: 5
      objectReference: {fileID: 0}
    - target: {fileID: 121370, guid: 3778b14eeec9de24c95fdc3dfdacc963, type: 2}
      propertyPath: m_Layer
      value: 5
      objectReference: {fileID: 0}
    - target: {fileID: 110938, guid: 3778b14eeec9de24c95fdc3dfdacc963, type: 2}
      propertyPath: m_Layer
      value: 5
      objectReference: {fileID: 0}
    - target: {fileID: 191922, guid: 3778b14eeec9de24c95fdc3dfdacc963, type: 2}
      propertyPath: m_Layer
      value: 5
      objectReference: {fileID: 0}
    - target: {fileID: 177964, guid: 3778b14eeec9de24c95fdc3dfdacc963, type: 2}
      propertyPath: m_Layer
      value: 5
      objectReference: {fileID: 0}
    - target: {fileID: 121550, guid: 3778b14eeec9de24c95fdc3dfdacc963, type: 2}
      propertyPath: m_Layer
      value: 5
      objectReference: {fileID: 0}
    - target: {fileID: 171750, guid: 3778b14eeec9de24c95fdc3dfdacc963, type: 2}
      propertyPath: m_Layer
      value: 5
      objectReference: {fileID: 0}
    - target: {fileID: 112684, guid: 3778b14eeec9de24c95fdc3dfdacc963, type: 2}
      propertyPath: m_Layer
      value: 5
      objectReference: {fileID: 0}
    - target: {fileID: 143008, guid: 3778b14eeec9de24c95fdc3dfdacc963, type: 2}
      propertyPath: m_Layer
      value: 5
      objectReference: {fileID: 0}
    - target: {fileID: 160538, guid: 3778b14eeec9de24c95fdc3dfdacc963, type: 2}
      propertyPath: m_Layer
      value: 5
      objectReference: {fileID: 0}
    - target: {fileID: 119344, guid: 3778b14eeec9de24c95fdc3dfdacc963, type: 2}
      propertyPath: m_Layer
      value: 5
      objectReference: {fileID: 0}
    - target: {fileID: 189580, guid: 3778b14eeec9de24c95fdc3dfdacc963, type: 2}
      propertyPath: m_Layer
      value: 5
      objectReference: {fileID: 0}
    - target: {fileID: 142190, guid: 3778b14eeec9de24c95fdc3dfdacc963, type: 2}
      propertyPath: m_Layer
      value: 5
      objectReference: {fileID: 0}
    - target: {fileID: 168318, guid: 3778b14eeec9de24c95fdc3dfdacc963, type: 2}
      propertyPath: m_Layer
      value: 5
      objectReference: {fileID: 0}
    - target: {fileID: 106058, guid: 3778b14eeec9de24c95fdc3dfdacc963, type: 2}
      propertyPath: m_Layer
      value: 5
      objectReference: {fileID: 0}
    - target: {fileID: 194356, guid: 3778b14eeec9de24c95fdc3dfdacc963, type: 2}
      propertyPath: m_Layer
      value: 5
      objectReference: {fileID: 0}
    - target: {fileID: 134544, guid: 3778b14eeec9de24c95fdc3dfdacc963, type: 2}
      propertyPath: m_Layer
      value: 5
      objectReference: {fileID: 0}
    - target: {fileID: 135934, guid: 3778b14eeec9de24c95fdc3dfdacc963, type: 2}
      propertyPath: m_Layer
      value: 5
      objectReference: {fileID: 0}
    - target: {fileID: 181466, guid: 3778b14eeec9de24c95fdc3dfdacc963, type: 2}
      propertyPath: m_Layer
      value: 5
      objectReference: {fileID: 0}
    - target: {fileID: 170392, guid: 3778b14eeec9de24c95fdc3dfdacc963, type: 2}
      propertyPath: m_Layer
      value: 5
      objectReference: {fileID: 0}
    - target: {fileID: 144728, guid: 3778b14eeec9de24c95fdc3dfdacc963, type: 2}
      propertyPath: m_Layer
      value: 5
      objectReference: {fileID: 0}
    - target: {fileID: 133020, guid: 3778b14eeec9de24c95fdc3dfdacc963, type: 2}
      propertyPath: m_Layer
      value: 5
      objectReference: {fileID: 0}
    - target: {fileID: 198140, guid: 3778b14eeec9de24c95fdc3dfdacc963, type: 2}
      propertyPath: m_Layer
      value: 5
      objectReference: {fileID: 0}
    - target: {fileID: 136542, guid: 3778b14eeec9de24c95fdc3dfdacc963, type: 2}
      propertyPath: m_Layer
      value: 5
      objectReference: {fileID: 0}
    - target: {fileID: 167824, guid: 3778b14eeec9de24c95fdc3dfdacc963, type: 2}
      propertyPath: m_Layer
      value: 5
      objectReference: {fileID: 0}
    - target: {fileID: 184556, guid: 3778b14eeec9de24c95fdc3dfdacc963, type: 2}
      propertyPath: m_Layer
      value: 5
      objectReference: {fileID: 0}
    - target: {fileID: 122936, guid: 3778b14eeec9de24c95fdc3dfdacc963, type: 2}
      propertyPath: m_Layer
      value: 5
      objectReference: {fileID: 0}
    - target: {fileID: 173252, guid: 3778b14eeec9de24c95fdc3dfdacc963, type: 2}
      propertyPath: m_Layer
      value: 5
      objectReference: {fileID: 0}
    - target: {fileID: 173442, guid: 3778b14eeec9de24c95fdc3dfdacc963, type: 2}
      propertyPath: m_Layer
      value: 5
      objectReference: {fileID: 0}
    - target: {fileID: 170224, guid: 3778b14eeec9de24c95fdc3dfdacc963, type: 2}
      propertyPath: m_Layer
      value: 5
      objectReference: {fileID: 0}
    - target: {fileID: 117832, guid: 3778b14eeec9de24c95fdc3dfdacc963, type: 2}
      propertyPath: m_Layer
      value: 5
      objectReference: {fileID: 0}
    - target: {fileID: 123658, guid: 3778b14eeec9de24c95fdc3dfdacc963, type: 2}
      propertyPath: m_Layer
      value: 5
      objectReference: {fileID: 0}
    - target: {fileID: 190172, guid: 3778b14eeec9de24c95fdc3dfdacc963, type: 2}
      propertyPath: m_Layer
      value: 5
      objectReference: {fileID: 0}
    - target: {fileID: 141238, guid: 3778b14eeec9de24c95fdc3dfdacc963, type: 2}
      propertyPath: m_Layer
      value: 5
      objectReference: {fileID: 0}
    m_RemovedComponents: []
  m_ParentPrefab: {fileID: 100100000, guid: 3778b14eeec9de24c95fdc3dfdacc963, type: 2}
  m_IsPrefabParent: 0
--- !u!224 &2127574516 stripped
RectTransform:
  m_PrefabParentObject: {fileID: 22457278, guid: 3778b14eeec9de24c95fdc3dfdacc963,
    type: 2}
  m_PrefabInternal: {fileID: 2127574515}
--- !u!1 &2127574517 stripped
GameObject:
  m_PrefabParentObject: {fileID: 141238, guid: 3778b14eeec9de24c95fdc3dfdacc963, type: 2}
  m_PrefabInternal: {fileID: 2127574515}
--- !u!82 &2127574518
AudioSource:
  m_ObjectHideFlags: 0
  m_PrefabParentObject: {fileID: 0}
  m_PrefabInternal: {fileID: 0}
  m_GameObject: {fileID: 2127574517}
  m_Enabled: 1
  serializedVersion: 4
  OutputAudioMixerGroup: {fileID: 0}
  m_audioClip: {fileID: 8300000, guid: 791a3ae25ab4c7c4e9eefb14b75d589f, type: 3}
  m_PlayOnAwake: 0
  m_Volume: 1
  m_Pitch: 1
  Loop: 0
  Mute: 0
  Spatialize: 0
  Priority: 128
  DopplerLevel: 1
  MinDistance: 1
  MaxDistance: 500
  Pan2D: 0
  rolloffMode: 0
  BypassEffects: 0
  BypassListenerEffects: 0
  BypassReverbZones: 0
  rolloffCustomCurve:
    serializedVersion: 2
    m_Curve:
    - time: 0
      value: 1
      inSlope: 0
      outSlope: 0
      tangentMode: 0
    - time: 1
      value: 0
      inSlope: 0
      outSlope: 0
      tangentMode: 0
    m_PreInfinity: 2
    m_PostInfinity: 2
    m_RotationOrder: 4
  panLevelCustomCurve:
    serializedVersion: 2
    m_Curve:
    - time: 0
      value: 0
      inSlope: 0
      outSlope: 0
      tangentMode: 0
    m_PreInfinity: 2
    m_PostInfinity: 2
    m_RotationOrder: 0
  spreadCustomCurve:
    serializedVersion: 2
    m_Curve:
    - time: 0
      value: 0
      inSlope: 0
      outSlope: 0
      tangentMode: 0
    m_PreInfinity: 2
    m_PostInfinity: 2
    m_RotationOrder: 0
  reverbZoneMixCustomCurve:
    serializedVersion: 2
    m_Curve:
    - time: 0
      value: 1
      inSlope: 0
      outSlope: 0
      tangentMode: 0
    m_PreInfinity: 2
    m_PostInfinity: 2
    m_RotationOrder: 0
--- !u!114 &2127574519
MonoBehaviour:
  m_ObjectHideFlags: 0
  m_PrefabParentObject: {fileID: 0}
  m_PrefabInternal: {fileID: 0}
  m_GameObject: {fileID: 2127574517}
  m_Enabled: 1
  m_EditorHideFlags: 0
  m_Script: {fileID: 11500000, guid: f295120166b0cbe4daec079106783db6, type: 3}
  m_Name: 
  m_EditorClassIdentifier: 
  clip: {fileID: 2127574518}
